2767 3789
23 0 55 10 -u
85 0 258 13 «rqr-anrw

1280 406 1343 447 14

446 573 533 604 non
566 559 691 604 Bruti
730 563 899 603 tantum
918 589 931 606 ,
977 557 1052 602 sed
1080 559 1257 603 omnino
1288 559 1535 619 aequalium
1574 561 1823 621 opinionem
1864 573 2069 615 accurate
2096 554 2173 614 „re-

445 678 592 723 fellere
630 678 817 723 voluisse
836 711 848 730 ,
898 678 975 735 qui
1017 684 1158 722 totum
1191 678 1309 723 istud
1343 678 1579 724 artificium
1613 680 1678 726 vel
1710 666 2066 741 contemnerent,
2108 689 2172 734 vel

443 767 724 857 ignorarent,
772 798 839 844 vel
885 798 1109 857 cognitum
1152 798 1283 844 etiam
1324 798 1474 845 obesse
1518 800 1729 846 orationis
1766 800 1970 860 dignitati
2012 807 2174 853 iudica-a

440 924 564 962 rent:
599 919 761 963 etenim
809 917 1061 986 uidemus,
1096 918 1241 975 inquit
1282 921 1311 975 ς
1340 920 1455 971 112,
1488 931 1572 974 non
1604 925 1648 965 te
1678 919 1783 967 haec
1814 920 1953 967 solum
1986 933 2082 968 csse
2111 917 2180 971 le?

447 1043 680 1088 »cturum;
726 1036 801 1082 sed
840 1035 959 1081 huno
1004 1034 1163 1081 librum
1213 1036 1385 1083 etiamsi
1417 1039 1564 1084 minus
1594 1046 1741 1085 nostra
1774 1040 2170 1101 commendatione,

440 1163 544 1200 »tuo
574 1163 721 1200 tamen
750 1157 926 1201 nomine
953 1155 1170 1213 divulgari
1202 1168 1378 1201 necesse
1404 1159 1519 1205 est.’'
1588 1152 1604 1168 ⁰

498 1275 707 1320 Omittam
743 1287 860 1320 nunc
892 1275 1030 1333 ipsam
1079 1273 1195 1318 illam
1245 1278 1583 1332 controversiam
1626 1291 1758 1339 quam
1805 1278 2165 1336 disceptavit‚Ci·

435 1407 561 1445 cero,
595 1406 675 1438 nec
704 1394 789 1437 nisi
821 1393 902 1437 hoc
936 1406 1089 1443 sumo,
1137 1405 1222 1435 non
1256 1397 1428 1437 tantum
1471 1395 1515 1438 in
1548 1400 1741 1446 oratore,
1773 1394 1848 1439 sed
1882 1396 1925 1438 in
1959 1408 2166 1452 quocum«

437 1526 520 1572 que
565 1525 726 1573 genere
761 1512 828 1558 vel
869 1511 1041 1558 dicendi
1071 1513 1138 1560 vel
1177 1511 1397 1560 scribendi
1436 1512 1602 1572 aliquid
1636 1514 1848 1559 interesse
1885 1520 2034 1559 utrum
2066 1518 2165 1573 quis

436 1641 477 1678 et
516 1633 631 1677 facta
664 1638 708 1676 et
755 1638 922 1677 structa
960 1634 1155 1678 oratione
1188 1640 1368 1684 utatur,
1417 1646 1471 1677 an
1507 1634 1651 1677 hiulca
1694 1641 1737 1677 et
1774 1634 2010 1693 dissipata;
2052 1631 2169 1693 quod

431 1756 506 1811 qui
538 1765 622 1797 non
657 1752 882 1803 sentiunt,
916 1751 1188 1797 delectentur
1216 1765 1342 1804 sane,
1377 1752 1484 1797 nihil
1522 1752 1738 1811 impedio,
1773 1752 1958 1798 mirifica
1989 1767 2068 1797 sua
2099 1755 2161 1798 in«

428 1875 591 1925 santia,
626 1887 711 1931 qua
745 1832 1082 1929 prudentissime
1115 1874 1304 1930 cogitata
1337 1872 1657 1922 obscurantur,
1704 1874 1740 1916 si
1774 1871 1946 1917 horride
1979 1872 2159 1917 inculte⁴

427 2006 511 2050 que
542 1992 903 2051 pronunciantur.
970 1990 1057 2034 Hoc
1086 1991 1209 2035 nobis
1249 1991 1545 2049 quaerendum
1576 1998 1671 2040 est,
1708 1998 1858 2034 utrum
1890 2005 1941 2034 ex
1973 1991 2044 2034 illa
2076 1991 2159 2033 dis·

428 2112 588 2170 ciplina
618 2112 827 2155 orationis
860 2107 1109 2160 faciendae,
1145 2111 1272 2154 cuius
1303 2122 1438 2168 quum
1474 2109 1516 2152 in
1544 2109 1745 2154 omnibus
1776 2109 1964 2154 Tulliani
1994 2109 2157 2166 ingenii

426 2231 724 2275 monumentis
756 2230 1148 2273 luculentissimam
1179 2230 1484 2274 auctoritatem
1531 2229 1769 2281 habemus,
1811 2235 1906 2274 tum
1940 2229 1982 2272 in
2017 2228 2155 2274 rheto-

425 2351 530 2395 ricis
562 2349 686 2394 libris
719 2354 949 2409 praecepta
994 2354 1119 2393 acute
1159 2353 1343 2406 apteque
1377 2345 1676 2405 explicantur,
1719 2347 1989 2405 aliquantum
2029 2350 2154 2406 proli-

420 2483 516 2513 cere
552 2470 681 2514 liceat
718 2468 770 2512 ad
800 2474 999 2512 nostrum
1038 2480 1279 2511 sermonem
1311 2467 1620 2521 excolendum,
1657 2480 1710 2511 an
1744 2479 1854 2511 vana
1886 2468 1943 2511 sit
1975 2480 2024 2511 ea
2056 2481 2156 2525 spes

415 2595 667 2648 propterea,
700 2587 815 2646 quod
849 2602 872 2632 e
905 2587 1025 2631 Latio
1054 2593 1096 2630 et
1124 2601 1146 2630 e
1180 2593 1268 2631 tam
1300 2593 1466 2631 remota
1496 2592 1639 2631 aetate
1668 2585 1775 2629 nihil
1806 2585 1890 2630 huc
1924 2586 2152 2632 transferri

413 2722 536 2766 posse
562 2708 797 2759 videatur,
833 2719 973 2764 neque
1014 2711 1159 2750 nostra
1202 2708 1378 2752 civitate
1410 2706 1594 2756 donari,
1640 2712 1683 2749 et
1721 2712 1861 2749 totum
1902 2705 1980 2749 hoc
2022 2708 2149 2752 relin-

412 2827 634 2885 quendum
680 2829 737 2872 sit
782 2827 862 2879 iis,
912 2828 987 2885 qui
1033 2826 1158 2871 hodie
1200 2827 1282 2884 ipsi
1320 2827 1476 2870 Latino
1508 2838 1705 2870 sermone
1738 2827 1780 2868 in
1815 2824 2042 2870 scribendo
2088 2828 2152 2869 uti

407 2946 610 2992 audeant.

2506 67 2519 81 Ο
2526 79 2529 81 ,

2728 0 2762 29 ἱ
