2767 3789
1308 413 1360 454 21

473 572 624 620 studio
655 576 839 618 aetatem
882 580 1157 619 consumere,
1207 580 1338 626 quam
1370 567 1556 625 experiri
1602 566 1707 626 quid
1744 566 1840 626 ipsi.
1861 567 1907 611 in
1941 565 2092 612 eodem
2133 581 2200 624 ge-

479 709 583 740 nere
625 691 765 736 laudis
806 689 978 745 assequi
1021 687 1200 743 possint.
1265 686 1429 731 Horum
1471 700 1549 744 ego
1592 687 1844 733 institutum
1891 692 1934 733 et
1968 687 2201 733 consilium

477 819 647 859 tantum
679 811 800 855 abest
829 813 879 865 ut
910 803 1249 864 reprehendam,
1283 810 1506 863 tamquam
1539 806 1576 849 si
1606 819 1691 849 non
1722 807 1806 849 nisi
1837 807 2092 851 desidiosam
2125 809 2196 851 de-

478 913 750 977 lectationem
780 930 1068 985 quaererent,
1113 929 1162 967 ut
1194 923 1504 982 propemodum
1546 923 1769 981 desperem
1813 905 2073 982 quemquam
2124 942 2195 970 ve-

478 1064 548 1096 ros
575 1055 618 1095 et
649 1045 806 1092 solidos
834 1057 861 1088 e
888 1042 1031 1086 studio
1063 1047 1260 1085 veterum
1286 1040 1515 1084 literarum
1548 1039 1719 1089 fructus
1749 1045 2058 1099 percepturum
2077 1078 2087 1094 ‚
2123 1045 2195 1100 qui

478 1182 562 1213 non
602 1167 655 1211 ab
699 1164 771 1208 illa
813 1160 1039 1219 diligentia
1080 1160 1256 1221 ipitium
1295 1159 1424 1203 ducat
1455 1158 1626 1232 laboris.
1692 1158 1949 1205 Incredibile
1982 1159 2102 1205 dictu
2135 1168 2198 1205 est

478 1289 593 1332 enim
624 1289 887 1343 quantopere
917 1280 980 1324 sic
1017 1283 1270 1324 exerceatur
1302 1277 1523 1337 ingenium
1556 1282 1600 1328 et
1631 1283 1842 1331 acuatur,
1878 1283 1925 1321 ut
1957 1280 2196 1324 minutiora

477 1385 704 1454 omittam,
743 1404 789 1445 iu
821 1382 1081 1458 proprietate
1124 1411 1174 1441 ac
1211 1397 1381 1442 delectu
1420 1397 1649 1441 verborum
1691 1396 1958 1454 indagando,
2010 1404 2104 1443 tum
2152 1400 2196 1443 in

476 1521 791 1568 sententiarum
825 1514 1162 1560 conformatione
1189 1521 1234 1556 et
1263 1514 1539 1557 conclusione
1570 1513 1815 1570 quaerenda
1834 1548 1845 1564 ,
1877 1517 1921 1557 in
1955 1519 2195 1574 ceterisque

478 1637 677 1683 omnibus
708 1632 1006 1680 examinandis
1037 1630 1194 1687 quibus
1225 1629 1332 1674 bene
1359 1635 1401 1674 et
1428 1631 1620 1675 suaviter
1648 1637 1690 1675 et
1717 1638 1867 1690 ornate
1898 1633 2069 1678 dicendi
2103 1634 2195 1678 laus

477 1764 675 1802 constare
707 1759 920 1798 censetur.
985 1749 1067 1804 Qui
1100 1749 1144 1792 in
1186 1747 1266 1793 hoc
1297 1762 1453 1807 genere
1494 1748 1714 1794 iudicandi
1757 1750 2083 1802 excelluerunt,
2122 1753 2197 1795 ho-

478 1889 576 1921 rum
631 1874 804 1917 inventa
858 1868 1155 1914 admirabilem
1202 1874 1245 1910 ct
1305 1880 1436 1925 prope
1492 1868 1682 1911 divinam
1740 1870 2023 1926 sagacitatem
2098 1885 2190 1926 pro-

478 1996 614 2043 dunt,
660 1991 982 2048 plurimumque
1025 1985 1110 2029 illis
1149 1984 1307 2029 studiis
1348 1981 1615 2043 prosuerunt.
1681 1985 1970 2031 Nihilominus
2018 2001 2186 2045 perver-

477 2125 567 2157 sam
611 2110 820 2154 rationem
864 2111 1131 2162 sequuntur,
1180 2110 1229 2146 ut
1260 2117 1359 2146 vere
1407 2103 1548 2148 dicam
1596 2104 1710 2161 quod
1750 2106 1911 2157 sentio,
1956 2107 2031 2163 qui
2084 2108 2187 2150 nihil

477 2229 594 2275 aliud
633 2232 767 2284 agunt
812 2224 896 2266 nisi
951 2222 1053 2265 talia
1097 2228 1312 2277 quaerunt
1354 2228 1396 2265 et
1445 2229 1660 2273 tractant,
1712 2223 1903 2281 nihilque
1946 2237 2093 2267 eorum
2139 2227 2192 2269 ad

415 2342 421 2348 ’
478 2362 603 2392 usum
648 2341 926 2388 transferunt.
992 2339 1112 2394 Quod
1150 2339 1201 2384 de
1234 2341 1395 2384 virtute
1427 2342 1544 2384 omni
1585 2343 1627 2384 in
1662 2341 1822 2385 Officiis
1859 2342 1966 2384 dixit
2008 2344 2187 2396 Cicero,

478 2470 570 2512 eius
621 2463 816 2514 »laudem
847 2473 1014 2505 omnem
1047 2460 1091 2504 in
1124 2460 1292 2504 actione
1324 2460 1611 2511 consistere,'’
1646 2460 1758 2505 idem
1797 2467 1912 2505 recte
1956 2462 2041 2506 dici
2076 2466 2189 2507 exis-

479 2589 584 2630 timo
626 2583 678 2626 de
716 2580 957 2625 eruditione
995 2584 1037 2622 et
1074 2577 1293 2628 doctrina,
1337 2580 1462 2622 cuius
1508 2579 1620 2623 actio
1665 2580 1897 2623 maximam
1939 2585 2105 2638 partem
2147 2582 2189 2625 in

477 2702 656 2748 dicendo
686 2706 728 2744 et
762 2696 987 2743 scribendo
1018 2698 1235 2741 cernitur:
1282 2702 1538 2754 tantumque
1575 2698 1694 2742 abest
1726 2705 1773 2741 ut
1809 2697 1915 2741 illud
1956 2701 2192 2756 quaerendi

476 2831 518 2869 et
562 2817 779 2866 iudicandi
825 2830 985 2861 munus
1028 2830 1103 2875 per
1145 2815 1255 2860 hanc
1303 2815 1653 2862 exercitationem
1703 2784 1912 2869 tollatur,
1964 2823 2011 2862 ut
2057 2820 2192 2864 multo

478 2943 616 2999 magis
652 2939 891 2983 doctrinam
930 2951 1035 2981 usus
1062 2935 1313 2986 confirmet,
1359 2942 1403 2980 et
1434 2936 1549 2981 haud
1581 2951 1678 2981 raro
1717 2937 1770 2983 de
1804 2937 1987 2984 aliorum
2021 2941 2192 2998 scriptis
