2767 3789
1258 415 1314 456 45

421 682 478 722 sie
515 680 646 722 utitur
675 680 846 722 formula
862 710 872 725 ,
892 688 1024 730 <quum
1057 677 1309 729 praesertim,
1346 685 1396 719 ut
1422 679 1506 730 ipse
1542 678 1717 733 maxime
1756 679 1858 720 nolit
1884 684 2137 722 commutare

420 792 545 834 ultera
560 824 570 839 ,
598 803 702 845 quae
728 797 793 831 est
816 787 995 840 mamis.

470 905 502 959 ᾖ
529 905 592 945 55.
645 902 873 955 Referam
896 898 1014 951 ἐρίων
1037 912 1108 940 aas
1131 899 1318 946 ad'eum,
1355 912 1464 952 quem
1487 898 1678 945 nomme-3,
1714 900 1971 943 inchoandum
2004 909 2040 944 el
2073 917 2133 945 ea-

417 1017 503 1058 dem
541 1012 750 1067 eloquentia
787 1009 1077 1062 infamandum
1092 1042 1102 1060 ‚
1141 1009 1331 1063 quam'in
1370 1009 1478 1050 nullo
1516 1010 1683 1062 cognovit
1721 1010 1917 1053 Antonius.
1981 1012 2135 1055 Dicitur

419 1087 515 1175 hoe,
542 1134 749 1178 tamquam
776 1122 810 1163 si
837 1122 953 1175 plura
979 1133 1127 1176 genera
1153 1127 1290 1163 essent
1315 1121 1569 1173 eloquentiae
1582 1152 1592 1170 ,
1620 1134 1795 1175 quorum
1821 1137 1950 1166 unum
1977 1133 2135 1167 tantum

417 1237 675 1292 cogitavisset
707 1233 920 1275 Antonius.
974 1231 1055 1273 Sed
1088 1232 1225 1286 agitur
1250 1231 1301 1273 de
1337 1231 1404 1271 illa
1441 1231 1597 1284 specie,
1623 1230 1736 1284 ’quae
1764 1234 1897 1276 animo
1925 1237 2014 1277 eius
2041 1237 2135 1278 insi·

417 1347 539 1390 debat
566 1344 613 1402 (ὃ
636 1344 702 1400 18)
717 1378 727 1396 ,
754 1356 857 1398 quae
882 1339 994 1387 certe
1021 1355 1105 1407 una⁸
1129 1348 1227 1386 erat.
1281 1342 1376 1384 Ideo
1402 1342 1559 1397 corrigo
1585 1354 1631 1384 ea
1655 1343 1876 1397 eloquentia.
1900 1355 1903 1358 ⁴

468 1460 501 1515 S
528 1462 592 1501 54.
646 1458 693 1498 In
720 1457 862 1505 Bruti,
899 1457 968 1509 qui
996 1464 1096 1497 tunc
1128 1455 1277 1496 Galliae
1303 1455 1530 1508 provinciae
1566 1434 1773 1507 praeerat,
1809 1459 1951 1500 laudes
1991 1474 2131 1503 excur-

412 1584 507 1611 rens
522 1602 533 1617 ‚
561 1569 660 1610 haec
688 1567 800 1609 addit
816 1581 845 1607 ε·
864 1580 953 1621 erqo
988 1567 1169 1610 omnibus.
1183 1568 1297 1609 terris
1320 1578 1400 1607 una
1430 1565 1560 1608 Gallia
1587 1569 1781 1609 ‘commum'
1815 1581 1892 1610 noa
1925 1572 2035 1613 ardel
2074 1573 2130 1613 in-

414 1682 545 1739 cendio
559 1695 573 1719 .·
600 1681 642 1720 in
667 1692 742 1731 qua
768 1679 913 1731 frueris
936 1680 1018 1731 ipse
1048 1684 1107 1725 te,
1147 1691 1263 1730 quum
1286 1680 1330 1718 in
1352 1679 1493 1719 Italiae
1518 1678 1601 1717 luce
1632 1682 1867 1746 coqnasceris
1898 1684 2132 1734 versarisque

410 1794 453 1833 in
478 1772 702 1845 optimemm
727 1790 863 1830 civium
896 1790 955 1829 vel
979 1789 1073 1840 flore
1105 1789 1164 1829 vel
1196 1787 1339 1828 robore.
1394 1787 1551 1829 Mirum
1566 1790 1666 1842 quid
1707 1790 1759 1831 de
1796 1791 1920 1834 Bruto
1954 1794 2129 1845 dicitur,

409 1904 499 1956 qui,
528 1914 654 1955 quum
682 1902 724 1941 in
751 1899 876 1941 Gallia
903 1907 1034 1946 esset,
1063 1899 1183 1940 simul
1205 1906 1517 1952 cognosceretur
1543 1900 1586 1940 in
1612 1899 1752 1941 Italiae
1778 1902 1881 1944 luce.
1936 1904 2129 1957 Suspicor

406 2012 636 2053 Ciceronem
666 2010 890 2063 scripsisse,
928 2014 964 2051 et
989 2014 1179 2062 tamquam
1203 2009 1247 2050 in
1270 2009 1410 2049 Italiae
1439 2009 1519 2050 luce
1544 2017 1645 2052 cet.:
1675 2024 1767 2052 nam
1796 2020 1837 2054 et
1859 2013 1961 2060 hoc,
1991 2022 2034 2055 et
2061 2027 2108 2067 op

404 2123 579 2164 limorum
604 2121 738 2162 civium
763 2121 822 2163 vel
847 2122 917 2174 llos
941 2121 1000 2162 vel
1024 2120 1141 2161 robur
1156 2152 1165 2168 ,
1193 2120 1504 2175 intelligendum
1532 2121 1696 2163 videtur
1723 2122 1775 2163 de
1801 2123 1916 2165 Bruti
1944 2125 2120 2167 cohorte.

456 2232 488 2287 ὃ
516 2234 579 2274 56.
635 2232 922 2274 Difficillimum
958 2244 1045 2273 esse
1081 2231 1181 2272 dicit
1215 2231 1384 2272 sormam
1428 2233 1567 2303 optimi
1604 2245 1830 2287 exponere,
1868 2236 1975 2288 quod
2012 2238 2122 2278 aliud

403 2343 491 2384 aliis
518 2343 681 2385 videtur
710 2343 931 2397 optimum:
962 2345 1003 2384 in
1031 2344 1160 2397 poetis
1187 2331 1295 2383 varia
1324 2356 1411 2384 esse
1438 2343 1611 2390 iudicia,
1640 2352 1687 2385 ut
1714 2346 1816 2386 alius
1840 2347 1917 2387 alio
1945 2349 2119 2389 maxime

402 2455 650 2497 delectetur:
692 2468 760 2496 nec
791 2456 921 2508 facilis
955 2455 1156 2509 explicatio
1180 2467 1276 2507 quae
1300 2455 1428 2507 forma
1462 2455 1628 2497 maxime
1662 2456 1833 2499 excellat.
1888 2458 1935 2499 In
1958 2460 2120 2512 picturis

400 2568 496 2608 alios
537 2568 721 2616 horrida,
753 2568 922 2618 inculta,
959 2568 1089 2620 abdita
1128 2571 1163 2606 et
1201 2578 1345 2619 opaca:
1386 2571 1519 2607 contra
1544 2566 1641 2608 alios
1666 2568 1813 2617 nitida,
1850 2570 1975 2617 laeta,
2005 2573 2120 2613 collu—

398 2683 520 2720 strata
533 2679 729 2720 delectant.
791 2680 890 2727 Quid
916 2685 990 2729 est,
1017 2692 1088 2731 quo
1108 2678 1387 2731 praescriptum
1406 2677 1559 2730 aliquod
1583 2684 1650 2719 aut
1675 2680 1883 2730 famulam
1904 2684 2120 2735 ezpvimas,

398 2802 511 2841 quam
536 2792 580 2831 in
611 2802 677 2831 suo
705 2791 874 2843 quodque
895 2804 1034 2844 yenere
1054 2794 1244 2844 praestet,
1272 2795 1307 2830 el
1331 2802 1473 2843 yenera
1493 2789 1613 2843 plura
1637 2791 1723 2831 sint.
1780 2792 1987 2835 Postrema
2021 2796 2120 2838 haee

397 2904 453 2944 sic
481 2916 588 2944 nunc
613 2903 832 2951 dicuntur,
871 2912 919 2945 ut
946 2904 1083 2944 iterari
1112 2903 1300 2943 videatur
1326 2901 1365 2942 id
1394 2901 1504 2954 quod
1531 2902 1649 2943 modo
1676 2903 1835 2948 dixerat
1870 2906 1954 2961 (nec
1988 2908 2119 2960 facilis
