2767 3789
1236 454 1343 530 ⁴17

468 614 648 674 Gorgias
685 619 728 657 et
769 609 1119 682 Thrasymachus
1138 642 1150 662 ,
1194 615 1428 667 posteaque
1457 607 1669 653 Isocrates
1700 606 1817 652 illius
1847 607 1958 653 artis
1986 613 2185 654 auctores

466 733 727 794 prodiissent
757 737 801 777 et
828 731 1075 777 inventores
1093 762 1105 782 ‚
1139 728 1176 771 si
1206 740 1301 772 eam
1339 725 1575 771 multitudo
1609 732 1837 784 aspernata
1868 733 1994 772 esset.

527 857 658 900 Extra
688 849 1027 898 controversiam
1058 846 1195 903 igitur
1227 846 1285 890 sit
1310 845 1420 897 hoc,
1460 845 1669 889 virtutem
1701 846 1961 902 compositae
1992 852 2034 890 et
2067 852 2180 891 stru-

467 981 560 1018 ctae
588 969 825 1019 orationis,
856 967 1014 1032 quippe
1041 978 1067 1009 a
1098 959 1254 1009 natura
1281 963 1517 1022 profectam
1536 997 1548 1015 ,
1581 976 1674 1007 esse
1711 962 1836 1007 nobis·
1871 965 2174 1022 expetendam,

466 1105 600 1152 eaque
631 1092 858 1150 praecepta
890 1084 1134 1144 sequenda,
1167 1097 1278 1141 quae
1312 1088 1459 1126 nostro
1489 1084 1678 1126 sermoni
1705 1088 1805 1139 apta
1835 1084 1948 1126 sint:
1982 1088 2097 1134 tum,
2130 1085 2180 1126 ab

403 1253 406 1256 Α
464 1227 540 1263 eo,
573 1211 650 1268 qui
677 1208 851 1267 ingenio
881 1209 1126 1256 moveatur,
1159 1203 1239 1249 hoc
1270 1203 1509 1261 exspectari
1536 1208 1756 1264 oportere,
1801 1209 1849 1248 ut
1882 1201 1972 1261 ipse
2001 1208 2181 1249 conetur

465 1329 671 1388 perficere
700 1327 743 1371 id
761 1360 771 1379 ‚
804 1325 918 1385 quod
948 1324 1192 1386 superiores
1222 1335 1306 1366 non
1334 1322 1418 1365 nisi
1445 1322 1654 1379 suspicati
1686 1322 1788 1366 sint.
1854 1322 1937 1366 Sed
1969 1322 2179 1375 alterum,

465 1448 577 1506 quod
609 1443 968 1492 considerandum
1007 1456 1100 1487 esse
1130 1441 1351 1492 dicebam,
1391 1446 1606 1498 quatenus
1645 1439 1823 1491 deceat,
1866 1455 2046 1499 magnas
2078 1456 2177 1485 cau·

463 1566 601 1607 tiones
639 1562 780 1607 habet.
844 1558 1038 1603 Proclive
1079 1558 1193 1601 enim
1232 1563 1295 1601 est
1334 1555 1414 1600 hoc
1453 1555 1639 1600 obiicere
1681 1556 1743 1599 illi
1787 1559 2178 1612 commendationi,

461 1686 627 1725 veteres
668 1681 751 1723 ista
783 1678 1029 1737 praecipere
1060 1676 1196 1720 solere
1227 1676 1416 1719 maxime
1454 1674 1726 1727 oratoribus,
1765 1690 1872 1733 quos
1908 1676 2179 1721 audientium

462 1812 618 1842 corona
650 1801 945 1855 exspectaret,
990 1795 1065 1853 qui
1098 1807 1200 1838 sane
1232 1792 1411 1838 docendi
1443 1806 1568 1850 saepe
1600 1798 1743 1837 essent
1763 1829 1774 1847 ,
1820 1794 1894 1840 sed
1922 1795 2179 1854 plerumque

462 1917 526 1961 vel
560 1916 822 1970 oblectandi,
856 1914 921 1959 vel
951 1913 1182 1966 flectendi,
1218 1913 1364 1969 itaque
1395 1918 1534 1956 totum
1568 1911 1673 1955 illud
1707 1913 1969 1966 artificium,
2001 1917 2172 1958 etiamsi

459 2034 670 2079 laudabile
697 2035 863 2092 ipsum,
893 2038 1038 2076 tamen
1066 2026 1332 2089 eloquentiae
1361 2032 1404 2074 in
1435 2031 1587 2089 primis
1619 2033 1886 2089 propositum
1912 2047 2028 2086 esse,
2062 2047 2171 2091 quae

455 2152 506 2196 ab
545 2151 780 2210 eloquendo
823 2157 866 2196 et
908 2150 1232 2209 pronunciando
1277 2149 1544 2209 appelletur,
1597 2164 1680 2194 non
1733 2151 1872 2195 cuivis
1916 2153 2169 2211 scriptioni,

456 2284 584 2328 quam
615 2270 869 2329 prudentiae
900 2270 1040 2326 magis
1075 2268 1337 2326 legentium,
1370 2283 1499 2326 quam
1538 2269 1717 2313 auribus
1746 2271 1968 2315 consulere
1997 2285 2169 2316 necesse

456 2390 541 2441 sit,
573 2401 768 2447 quaeque
797 2388 892 2432 ideo
926 2387 1049 2432 facile
1081 2389 1199 2431 omni
1232 2401 1390 2446 genere
1421 2389 1650 2432 suavitatis
1681 2390 1725 2432 in
1759 2390 1961 2440 vocibus,
1996 2396 2037 2433 et
2070 2406 2168 2435 con·

455 2507 703 2559 munitatis,
737 2514 777 2550 et
812 2507 982 2550 numeri
1015 2506 1058 2548 in
1087 2507 1400 2550 sententiarum
1433 2506 1770 2553 conformatione
1800 2515 1956 2553 careat.
1992 2509 2075 2563 Qui
2110 2511 2171 2555 ita

454 2626 704 2685 disputant,
739 2625 853 2669 haud
887 2624 1276 2674 contemnendum,
1317 2630 1364 2667 ut
1396 2638 1495 2669 vere
1528 2625 1669 2670 dicam
1690 2661 1700 2678 ‚
1733 2629 1970 2672 sententiae
2009 2631 2169 2687 praesi-

454 2745 572 2790 dium
615 2746 841 2790 inveniunt
883 2747 925 2790 in
968 2747 1060 2804 ipso
1100 2715 1317 2789 Cicerone.
1395 2744 1567 2790 Etenim
1612 2747 1830 2799 videmus,
1873 2762 1985 2806 quae
2027 2749 2081 2793 ab
2121 2765 2169 2795 eo

454 2864 646 2924 exempla
684 2866 930 2910 excitantur
967 2866 1124 2924 quibus
1158 2870 1382 2925 praecepta
1420 2878 1499 2911 sua
1541 2866 1760 2920 illustrat,
1805 2869 1995 2913 maxime
2025 2871 2068 2913 in
2103 2884 2168 2914 eo·

454 2986 550 3029 dem
585 2984 748 3036 libello,
784 2999 912 3044 quem
944 2983 1165 3031 Oratorem
1201 2985 1448 3043 inscripsit,
1482 2987 1595 3031 sumi
1622 3000 1673 3031 ex
1706 2989 1950 3034 actionibus
1977 2995 2169 3042 tantum,

1905 3112 1926 3147 3
