2767 3789
1124 0 1180 13 w,
1190 0 1452 19 ww-twwvr-
1466 0 1477 4 -›
1490 0 1509 6 *-

1368 426 1423 470 24

516 584 632 642 vigio
664 582 839 642 (Opusc.
858 581 989 626 Acad.
1025 581 1108 625 Ait.
1144 579 1330 627 Praefat.
1363 592 1406 640 p.
1424 579 1526 640 vn),
1556 579 1786 653 poi-{ticam
1818 582 1940 629 intra
1968 589 2109 631 certos
2139 584 2248 630 fines

518 702 723 747 Codicum
755 701 955 761 vestigiis
985 701 1244 748 terminatos
1273 699 1748 773 cohibendamessez”
1789 699 1865 748 sed
1896 700 1978 748 hoc
2013 716 2110 751 mea
2153 719 2247 752 sen-

519 823 656 867 tentia
687 827 818 867 caute
848 821 1152 880 explicandum
1183 828 1270 873 est,
1303 835 1443 880 neque
1473 834 1785 882 usquequaque
1815 835 1965 868 verum
1990 828 2068 868 ost.
2135 825 2248 881 Quot

521 941 904 1001 interpolationes,
937 954 1047 1000 quae
1087 953 1237 1014 omnes
1267 941 1444 986 omnino
1481 940 1662 1012 *Codices
1692 941 1980 994 invasissent,·
2009 943 2100 1001 ipse
2138 943 2248 987 indi·

519 1060 670 1105 cavit?
736 1060 915 1115 Quoties
945 1060 1173 1118 perspicue
1203 1059 1514 1105 demonstravit
1533 1094 1545 1111 ‚
1577 1061 1623 1103 in
1660 1061 1739 1113 iis,
1782 1074 1893 1119 quae
1922 1060 2082 1119 ubique
2112 1062 2248 1105 eonti-

526 1191 613 1221 nuo
644 1178 917 1236 legerentur,
950 1177 1162 1221 excidisse
1191 1177 1427 1221 nonnulla?
1476 1178 1664 1223 Hoccine
1690 1184 1760 1228 est
1789 1191 1961 1223 servare
1989 1178 2096 1223 fines
2123 1178 2246 1222 Codi-

523 1308 621 1338 cum
675 1295 871 1352 vestigiis
910 1294 1201 1371 terminatos?
1271 1294 1433 1352 Nempe
1476 1294 1549 1339 illa
1589 1295 1795 1341 Codicum
1838 1297 2106 1349 auctoritas,
2156 1302 2246 1341 tam

518 1412 720 1465 turbida,
768 1418 856 1457 tam
902 1414 1160 1472 inquinata,
1205 1418 1295 1456 tam
1333 1426 1460 1470 saepe
1491 1413 1688 1466 discors,
1739 1413 1848 1457 nihil
1895 1414 2017 1458 nobis
2055 1412 2247 1473 praestat

520 1539 693 1591 praeter
719 1534 974 1584 materiam,
1007 1546 1059 1577 ex
1091 1545 1178 1591 qua
1204 1532 1490 1591 ipsi-verum,
1525 1538 1624 1585 aut,
1659 1532 1698 1577 si
1720 1532 1819 1590 quis
1836 1511 2024 1585 mavult,
2057 1532 2100 1577 id
2133 1535 2245 1591 quod

521 1666 624 1695 vero
664 1654 912 1710 proximum
951 1659 994 1696 et
1030 1651 1302 1695 simillimum
1336 1656 1424 1703 est,
1458 1651 1673 1710 fingamus
1693 1685 1705 1705 ,
1734 1662 1958 1709 quamque
1990 1664 2247 1711 spernamus

522 1770 881 1828 quotiescumque
909 1770 975 1813 vel
1010 1770 1222 1814 sermonis
1254 1769 1392 1826 leges,
1432 1769 1504 1812 ⁴vel
1533 1770 1926 1826 argumentationis
1957 1772 2246 1814 necessariam

520 1891 704 1940 seriem,
736 1888 802 1932 vel
831 1890 1057 1947 scriptoris
1086 1894 1341 1947 perpetuam
1379 1886 1737 1932 consuetudinem
1771 1893 1816 1932 et
1847 1889 2141 1939 voluntatem,
2176 1890 2246 1933 vei

518 2016 708 2054 mentem
740 2010 834 2052 eius
865 2014 906 2052 et
947 2008 1177 2052 consilium
1214 2007 1443 2052 manifesto
1487 2006 1692 2051 violatum
1727 2013 1770 2051 et
1810 2013 2063 2066 corruptum
2097 2007 2245 2065 depre-

520 2127 775 2174 hendamus
810 2127 955 2173 Facile
987 2129 1109 2172 estin
1140 2128 1272 2173 huius
1295 2126 1429 2172 studii
1461 2127 1702 2185 praeceptis
1730 2126 1950 2170 licentiam
1978 2125 2247 2182 distinguere

518 2261 541 2289 a
562 2247 784 2291 libertate:
820 2261 899 2303 ego
919 2253 1064 2289 tamen
1085 2248 1245 2290 nuilam
1265 2259 1452 2304 agnosco
1467 2245 1736 2296 libertatem,
1760 2245 1844 2288 nisi
1868 2244 1938 2288 cui
1959 2243 2086 2289 liceat
2103 2242 2244 2289 facere

517 2367 557 2411 id
578 2405 587 2418 ‚
637 2366 750 2423 quod
784 2381 889 2410 sana
928 2367 1096 2410 ratione
1131 2366 1474 2408 commendetur.
1542 2366 1661 2406 Hanc
1692 2366 1767 2421 qui
1806 2365 2027 2422 sequitur,
2062 2365 2129 2424 (ut
2157 2376 2244 2408 uno

517 2499 652 2547 eoque
682 2485 890 2531 facillimo
920 2483 1113 2543 exemplo
1146 2482 1374 2541 defungar)
1408 2496 1492 2529 non
1532 2481 1690 2541 poterit
1728 2480 1821 2526 sine
1842 2480 2079 2526 'offensione
2112 2486 2157 2526 in
2186 2485 2240 2528 11.

517 2608 568 2649 de
606 2608 881 2650 Divinatione
924 2609 1084 2664 §1⁶21,
1136 2604 1375 2650 secundum
1415 2603 1624 2648 hodierna
1667 2602 1887 2662 exempla,
1932 2602 2074 2661 legere
2107 2602 2239 2649 haec:

519 2732 623 2771 totas
640 2734 777 2770 noctes
808 2726 1067 2770 somniamus
1085 2761 1095 2774 ‚
1131 2740 1261 2782 neque
1289 2724 1381 2767 ulla
1403 2731 1463 2767 est
1486 2727 1578 2781 fere
1594 2737 1677 2780 qua
1693 2738 1772 2765 non
1789 2724 2069 2767 dormiamus:
2104 2736 2242 2781 neque

517 2846 686 2889 curabit
704 2846 911 2890 Codicum
930 2846 1133 2903 vestigia,
1161 2857 1271 2902 quae
1290 2844 1334 2888 in
1352 2842 1553 2888 omnibus
1570 2842 1695 2902 plane
1713 2843 1862 2889 eadem
1890 2847 2018 2894 sunt,
2037 2842 2109 2886 sed
2126 2877 2137 2894 ,
2158 2839 2241 2886 nisi

514 2964 623 3010 sorte
657 2967 747 3025 ipse
781 2964 1013 3018 dormitet,
1049 2979 1132 3010 non
1172 2965 1422 3011 admonitus
1454 2966 1671 3025 corriget,
1708 2970 1754 3010 ut
1795 2963 1938 3010 verbis
1970 2963 2245 3021 transpositis
