2767 3789
1362 405 1420 457 40
2156 420 2161 448 ι

514 573 581 601 ma
603 560 725 600 huius
754 552 1071 600 enumerationis
1099 556 1244 598 suadet
1265 563 1310 597 ut
1332 556 1545 600 abiiciatur
1568 560 1810 610 putaverunt.
1865 559 1952 605 Fin.
1970 561 1999 604 Ι.
2028 561 2142 617 §30²
2180 563 2251 606 ita-

516 684 585 721 que
619 674 748 722 neqat.
768 682 862 722 opus
895 682 974 711 esse
1009 669 1157 711 racione
1194 682 1311 722 neque
1346 632 1600 724 disputatione
1613 701 1624 719 ,
1659 669 1896 722 quamobrem
1935 673 2109 727 voluptas
2143 688 2250 731 expe·

515 763 652 829 tehda,
680 781 889 834 fugiendus
920 782 1030 838 dolor
1057 783 1133 827 εἰη·
1172 782 1306 822 sentae'ri
1332 782 1411 829 *hoc
1433 788 1568 834 putat.
1606 787 1647 823 ut
1680 783 1804 823 calere
1837 782 1961 835 iqnem
1976 815 1986 830 ,
2015 807 2068 815 -—
2095 799 2253 837 quorum

514 893 618 934 nihil
643 899 815 948 oportere
841 893 1036 947 exquisitis
1061 893 1273 934 rationibus
1301 893 1547 963 confirmari,
1577 902 1652 936 eet.
1709 894 1767 937 Ne
1795 902 1932 950 aptum
1959 896 2123 950 quidem
2158 899 2198 940 h.
2227 903 2251 942 Ι.

516 1014 579 1048 est
590 1011 726 1059 putat,
756 1015 798 1048 et
825 1006 1056 1048 Infinitivus
1084 998 1389 1049 continuativus
1417 1013 1489 1048 est.
1520 1005 1607 1048 Fin.
1634 1006 1677 1047 V.
1707 1006 1822 1060 377:
1851 1021 1946 1061 quae
1969 1009 2251 1063 Theophrastus

516 1119 563 1157 de
589 1119 772 1168 fortuna,
801 1120 849 1158 de
875 1118 1027 1163 dolore,
1057 1119 1104 1157 de
1140 1119 1310 1158 cruciatu
1337 1119 1505 1172 corporis
1531 1117 1655 1163 dixit.
1692 1132 1777 1160 cum
1803 1120 1936 1187 quibus
1962 1120 2137 1173 conimtqi
2165 1121 2247 1162 bea-

513 1235 591 1268 tam
617 1227 734 1267 vitam
761 1227 869 1267 nullo
894 1227 1003 1267 modo
1024 1240 1136 1279 posse
1158 1228 1334 1280 putavit,
1361 1242 1508 1273 vereor,
1545 1241 1592 1267 ne
1618 1241 1707 1269 vera
1733 1230 1819 1270 sint.
1874 1230 2116 1285 Interposito
2138 1238 2247 1284 puta-

508 1340 560 1379 vit
588 1339 829 1379 obscuratur
854 1340 919 1385 id,
959 1339 1067 1391 quod
1107 1352 1235 1379 unum
1264 1341 1306 1379 in
1334 1340 1398 1379 his
1426 1339 1700 1397 spectabatur,
1738 1348 1779 1381 et
1808 1341 1891 1393 ipsa
1921 1342 1980 1380 vis
2021 1346 2245 1386 sententiae

510 1452 566 1493 ita
595 1449 762 1493 demum
791 1457 951 1499 exstat,
988 1450 1020 1492 si
1048 1463 1125 1493 non
1154 1448 1279 1504 posse‘
1300 1450 1453 1494 claudit
1481 1451 1614 1494 omnia
1631 1485 1640 1498 ,
1680 1457 1727 1492 ut
1755 1451 1857 1494 solet
1880 1450 1922 1492 in
1950 1452 2150 1495 eiusmodi
2178 1456 2245 1498 de-

509 1565 817 1604 monstratione.
872 1563 1028 1602 Rursus
1055 1563 1211 1602 Fin.11.
1240 1564 1272 1616 S
1297 1566 1358 1602 16.
1389 1565 1477 1603 init.
1504 1538 1787 1616 intempestive
1816 1565 1973 1603 intrusa
2002 1572 2097 1602 sunt
2124 1570 2242 1608 verba

510 1656 579 1726 qui*
600 1679 745 1724 censet,
773 1673 929 1715 ratione
959 1672 999 1714 in
1028 1673 1167 1726 primis
1201 1672 1339 1715 habita
1367 1674 1611 1721 mentionis,
1649 1686 1752 1726 quae
1777 1674 1947 1715 istorum
1978 1674 2098 1716 modo
2130 1685 2243 1726 ante,

509 1788 541 1839 S
565 1790 610 1832 8,
648 1788 751 1827 saeta
776 1793 875 1825 erat.
931 1785 1126 1825 Putidum
1150 1793 1213 1828 est
1241 1786 1455 1825 ostendere
1494 1787 1588 1825 talin
1627 1798 1708 1825 non
1738 1792 1898 1825 tantum
1929 1785 2067 1827 abesse
2102 1801 2240 1840 posse,

508 1898 576 1938 sed
607 1899 735 1938 solere
763 1898 886 1938 etiam
916 1897 1049 1938 omitti
1078 1910 1100 1937 a
1128 1896 1330 1937 Cicerone.
1388 1897 1452 1937 Sic
1489 1897 1592 1937 infra
1621 1895 1653 1948 ὃ
1678 1896 1766 1936 192.
1796 1908 1876 1936 non
1905 1898 2086 1950 scripsit,
2115 1913 2241 1951 quum

506 2011 731 2064 potuisset,
759 2012 937 2058 neutram
963 2013 1210 2063 temperatam
1233 2014 1373 2062 putat:
1402 2020 1533 2062 neque
1562 2007 1594 2062 ἓ
1618 2009 1707 2049 195.
1745 2007 1868 2049 semel
1897 2008 2127 2062 iterumque
2160 2012 2243 2053 isto

505 2124 636 2163 fulcro
664 2122 820 2174 indiget
852 2129 1066 2181 struetura.

558 2234 590 2288 S
620 2235 683 2274 16.
744 2233 844 2280 Quid
880 2232 1006 2272 dicam
1043 2233 1089 2271 de
1126 2238 1267 2274 natura
1307 2246 1460 2282 reram,
1502 2232 1608 2271 cuius
1643 2231 1803 2284 coquitio
1842 2244 2022 2284 maynam
2057 2235 2242 2276 orationis

504 2345 720 2397 suppeditat
745 2343 918 2396 copiam,
947 2343 995 2382 de
1020 2344 1120 2387 vita,
1150 2344 1198 2382 de
1224 2344 1388 2396 officiis,
1424 2345 1471 2382 de
1505 2343 1663 2388 virtute,
1705 2344 1752 2382 de
1791 2343 1958 2382 moribus
1997 2344 2078 2383 sine
2118 2348 2237 2387 multa

504 2470 636 2513 earum
670 2456 845 2510 ipsarum
876 2466 1006 2495 rerum
1039 2453 1244 2508 disciplina
1275 2459 1343 2496 aut
1379 2454 1456 2495 diei
1491 2460 1556 2496 aut
1592 2454 1765 2513 intelliqg
1788 2457 1932 2508 posse?
1988 2455 2065 2497 Alii
2101 2459 2238 2509 aliter,

504 2570 575 2610 sed
619 2570 795 2616 frustra,
837 2578 882 2611 ut
920 2568 1020 2610 mihi
1059 2567 1246 2613 videtur,
1282 2567 1472 2621 expedire
1505 2568 1638 2609 conati
1678 2574 1773 2607 sunt
1801 2568 2015 2620 syntaxim
2044 2582 2147 2621 quae
2182 2571 2237 2610 sic

501 2681 764 2723 restituatur:
794 2681 885 2733 quid
910 2681 1037 2722 dicam
1064 2680 1111 2719 de
1137 2687 1278 2722 natura
1304 2693 1433 2720 rerum
1461 2705 1514 2715 —
1540 2680 1718 2733 copiam?
1744 2680 1791 2720 de
1816 2680 1892 2720 vita
1919 2703 1972 2710 —
1998 2681 2046 2720 de
2071 2682 2239 2722 moribus

500 2794 754 2845 quidquamne
779 2793 860 2834 sine
886 2794 1007 2834 multa
1036 2820 1088 2826 —
1113 2794 1278 2846 intelliqi
1296 2798 1417 2846 potest
1430 2795 1449 2831 ?

554 2906 587 2961 ὃ
615 2907 678 2948 18.
733 2906 862 2959 ltaque
888 2906 938 2947 M.
965 2906 1175 2953 Antonius,
1213 2906 1274 2947 cui
1299 2905 1357 2947 vel
1389 2905 1535 2958 primas
1569 2905 1799 2958 eloquentiae
1828 2911 1985 2960 patrum
2021 2910 2236 2947 nostrorum
