2767 3789
1253 477 1306 520 15

480 624 578 680 'Duo
619 636 722 678 sunt
765 631 939 677 omnino
976 642 1164 688 quorum
1206 631 1252 676 in
1292 644 1345 676 ea
1387 630 1637 689 quaestione
1676 630 1788 674 ratio
1831 628 2029 676 habenda
2070 628 2140 672 sit.

428 752 536 799 Nam
566 758 611 798 et
642 751 694 797 de
724 763 881 810 genere
913 749 1010 793 eius
1038 724 1242 800 virtutis,
1276 748 1403 794 cuius
1432 762 1544 806 quae
1580 748 1795 806 particeps
1825 754 1890 795 est
1920 742 2060 794 oratio
2079 724 2146 792 ⁴ab

418 832 632 917 ³omnibus
663 869 832 916 laudari
858 867 989 919 solet,
1020 866 1184 925 ambigi
1219 872 1388 926 potest,
1436 873 1530 912 tum
1564 866 1617 911 de
1649 880 1732 912 usu
1769 869 1863 913 eius
1905 867 2146 926 disputari,

432 992 507 1049 qui
537 995 806 1051 opportunus
838 988 920 1039 sit,
961 993 1006 1031 et
1040 961 1257 1044 quatenus
1287 986 1450 1031 deceat.
1514 986 1654 1044 Igitur
1692 1000 1830 1044 genus
1871 999 1955 1029 non
1988 989 2145 1043 opinio-

434 1124 515 1162 ne,
556 1114 634 1152 aut
664 1113 817 1165 pacto,
849 1111 925 1150 aut
962 1106 1108 1169 nescio
1142 1118 1228 1162 qno
1257 1110 1502 1151 commento
1534 1107 1714 1158 nixum,
1747 1105 1822 1150 sed
1858 1106 1912 1150 ab
1953 1106 2045 1163 ipsa
2078 1118 2149 1148 na-

434 1236 532 1272 tura
569 1224 809 1285 profectum
848 1226 974 1283 eique
998 1223 1367 1269 commendatum*
1389 1230 1470 1269 est.
1532 1222 1679 1281 Neque
1720 1225 1835 1269 enim
1870 1227 1909 1269 si
1940 1224 2148 1273 fuerunt.

434 1352 478 1390 et
507 1351 612 1390 sunt
632 1379 642 1397 ‚
677 1349 720 1388 et
750 1312 879 1388 erunt
905 1313 1105 1401 semper,
1148 1340 1308 1399 quibus
1340 1342 1449 1397 nibil
1482 1355 1566 1386 nou
1602 1342 1810 1400 probetur
1847 1348 1890 1386 et
1921 1349 2151 1401 acceptum

437 1464 493 1508 sit
533 1460 647 1521 quod
678 1459 892 1505 audiendo
928 1459 1099 1517 assequi
1132 1460 1328 1518 possint,
1373 1460 1532 1518 quippe
1570 1459 1678 1504 nihil
1711 1465 1882 1517 praeter
1920 1459 1963 1503 id
2008 1461 2150 1518 ipsum

435 1582 689 1640 requirant,
721 1577 924 1636 quoniam
958 1577 1066 1631 nihil
1097 1576 1202 1622 dum
1241 1574 1503 1623 audiverunt
1542 1578 1721 1631 meliuS,
1760 1580 1886 1624 cuius
1928 1579 2151 1625 collatione

437 1698 543 1744 illud
576 1695 959 1748 iaceret,-idcirco
996 1689 1159 1740 cultam
1188 1696 1427 1743 orationem
1461 1704 1505 1742 et
1536 1703 1749 1742 structam
1781 1712 1866 1743 non
1899 1712 2048 1744 omnes
2082 1712 2157 1742 na-

439 1817 569 1872 turali
603 1829 782 1863 assensu
808 1815 1157 1873 amplectuntur:
1189 1817 1272 1861 nisi
1305 1815 1414 1860 forte
1446 1816 1646 1875 pulcrum
1674 1818 1817 1875 ipsum
1848 1823 1890 1863 et
1925 1817 2156 1863 honestum

437 1939 625 1982 alienum
666 1933 760 1979 esse
800 1948 824 1978 a
866 1939 1022 1978 natura
1058 1934 1258 1986 dicatur,
1300 1936 1338 1978 si
1371 1935 1459 1977 sint
1495 1936 1570 1992 qui
1612 1935 1720 1979 nihil
1753 1938 2032 1993 cognoverint
2070 1939 2154 1980 nisi

439 2056 584 2112 turpia
610 2060 652 2098 et
685 2051 904 2096 deformia.
969 2052 1111 2097 Minus
1140 2053 1271 2098 etiam
1304 2052 1382 2097 hoc
1415 2053 1644 2110 quisquam
1678 2054 1897 2106 obtineat,
1930 2069 2040 2112 quae
2074 2057 2155 2098 ista

439 2180 531 2218 arte
561 2171 843 2229 perficiantur
876 2171 1044 2228 placere
1075 2171 1172 2216 aliis
1210 2186 1354 2229 posse,
1387 2172 1483 2219 aliis
1525 2173 1788 2229 improbari,
1832 2175 1979 2231 itaque
2013 2177 2155 2219 minus

415 2293 555 2335 illam
589 2292 795 2333 virtutem
833 2303 856 2332 a
889 2276 1070 2340 natura,
1115 2264 1244 2347 quam
1285 2305 1309 2334 a
1350 2291 1659 2335 consuetudine
1691 2298 1735 2335 et
1777 2292 1995 2337 voluntate
2039 2310 2154 2351 repe·

440 2410 613 2455 tendam
647 2422 752 2453 esse.
817 2408 927 2462 Quid
959 2410 1108 2452 enim?
1175 2409 1219 2452 Si
1255 2410 1358 2454 huic
1386 2410 1524 2454 officio
1553 2410 1824 2455 satisfactum
1859 2419 1949 2462 est,
1985 2420 2031 2456 ut
2060 2428 2155 2457 ora-

443 2531 500 2572 tio
540 2498 890 2572 accommodetur
922 2534 964 2570 et
1006 2527 1183 2570 consilio
1230 2531 1323 2573 eius
1358 2530 1432 2586 qui
1472 2529 1615 2581 dicat,
1661 2537 1704 2573 et
1743 2538 1998 2587 argumento
2045 2536 2158 2592 quod

426 2648 624 2699 tractet,
667 2653 710 2690 et
751 2646 856 2690 locis
899 2652 941 2690 et
982 2646 1246 2703 temporibus
1286 2655 1328 2692 et
1366 2649 1584 2705 personis,
1632 2664 1760 2706 quam
1804 2651 2036 2695 immanem
2085 2661 2161 2696 aut

443 2779 689 2826 perversam
723 2763 945 2809 hominum
981 2770 1182 2810 naturam
1214 2766 1454 2825 fingemus,
1489 2767 1646 2825 quihus
1675 2768 1752 2812 hoc
1783 2768 2033 2827 displiceat,
2068 2775 2160 2829 qui-

444 2900 526 2944 que
559 2886 637 2929 hoc
669 2882 908 2942 respuant?
973 2883 1109 2942 Magis
1139 2884 1339 2932 dubitare
1369 2886 1515 2931 licebit
1548 2886 1599 2931 de
1630 2888 1683 2930 iis
1714 2892 1975 2947 praeceptis,
2009 2892 2166 2949 quibus¹

444 3013 486 3051 et
528 3003 747 3050 collocatio
790 3001 1019 3048 verborum
1068 2999 1422 3057 commendatur,
1467 3010 1510 3050 et
1544 3012 1592 3049 ut
1627 3005 1857 3054 suavitatis
1901 3012 1942 3054 in
1990 3011 2164 3054 vocilius
