2767 3789
1255 424 1310 465 27

421 585 508 626 tur.
574 576 656 625 Sed
687 577 833 625 eodem
867 578 1080 639 praesidio
1101 610 1111 630 ,
1146 584 1196 623 ut
1237 578 1318 622 hoc
1355 590 1525 636 quoque
1560 577 1824 634 adiungam,
1856 576 2018 620 muniti
2059 579 2141 621 eri-

420 711 519 742 mus
549 699 752 743 adversus
778 712 882 748 eos,
913 709 1021 754 quos
1037 694 1271 741 hodiernus
1297 693 1473 753 quidam
1495 693 1710 746 Graecus,
1743 696 1794 750 in
1819 694 2036 741 celebrato
2064 695 2137 741 illo

420 818 601 862 crimine
628 814 898 866 Simonitbo,
927 813 1159 873 appellavit
1187 814 1361 868 μοιχοὺς
1383 800 1669 865 τῶν’μ,συσῶν.
1717 813 1863 870 Neque
1892 816 2008 858 enim
2038 814 2133 858 fieri

417 940 554 993 potest
597 935 704 995 quin
720 951 745 985 .·
785 935 860 993 qui
915 934 1083 978 nativas
1120 934 1165 977 in
1208 931 1417 990 palmatio
1458 943 1629 988 quoque
1673 931 1883 988 scriptore
1924 931 2130 976 orationis

415 1053 564 1099 laudes
580 1058 834 1113 persecutus
864 1053 943 1104 sit,
975 1058 1111 1097 totam
1140 1052 1236 1098 eius
1266 1049 1452 1095 indolem
1481 1056 1527 1093 et
1558 1050 1681 1108 quasi
1708 1049 1891 1093 sormam
1917 1051 2129 1093 sentiendi

413 1172 638 1232 paullatim
686 1173 747 1218 ita
785 1172 1046 1231 perspiciat,
1090 1177 1139 1216 ut
1168 1184 1219 1215 ea
1249 1169 1374 1215 facile
1410 1169 1634 1227 dignoscat
1670 1182 1780 1227 quae
1798 1203 1810 1219 ‚
1858 1181 2133 1227 quocumque

414 1291 589 1336 demum
621 1289 687 1336 vel
713 1289 892 1350 consilio
921 1290 988 1335 vel
1020 1289 1170 1334 fraude
1200 1289 1266 1334 vel
1294 1294 1388 1333 arte
1416 1288 1667 1346 supposita,
1701 1300 1856 1332 nomen
1882 1288 1978 1331 eius
2012 1301 2131 1332 men-

412 1412 492 1454 tita
529 1411 632 1454 sint.
695 1410 786 1453 Non
828 1406 1002 1453 difficile
1033 1415 1098 1453 est
1133 1407 1381 1454 excellentis
1405 1407 1635 1452 cuiusdam
1677 1407 1902 1465 scriptoris
1946 1407 2127 1465 supelle-

411 1525 556 1571 ctilem
590 1524 799 1570 orationis
832 1524 1052 1583 expilare,
1084 1524 1270 1583 indeque
1297 1524 1632 1568 innumerabilia
1659 1531 1915 1568 ornamenta
1952 1525 2128 1568 domum

408 1649 657 1703 asportare3
689 1642 971 1687 nihilominus
1001 1618 1112 1695 ista,
1144 1643 1343 1701 quamvis
1386 1649 1528 1688 astute
1559 1644 1824 1701 composita,
1868 1649 2032 1688 temere
2064 1657 2128 1688 as·

407 1766 576 1805 sumtae
603 1760 767 1805 alienae
799 1772 1005 1819 personae
1042 1760 1278 1805 vanitatem
1308 1759 1516 1818 pmdent,
1558 1771 1692 1804 vacua
1724 1767 1766 1804 et
1804 1761 1921 1805 nuda
1959 1762 2013 1804 ab
2054 1761 2126 1803 illo

409 1888 629 1938 tamquam
651 1879 811 1938 spiritu
838 1878 1051 1923 sentiendi
1082 1884 1126 1922 et
1149 1877 1418 1929 inveniendi,
1445 1891 1530 1936 quo
1560 1890 1645 1922 uno
1674 1878 1805 1923 verba
1835 1880 1925 1937 ipsa
1958 1880 2117 1922 vivere:

404 2003 447 2040 et
473 1998 625 2064 ‘vigere
655 2002 698 2041 et
739 1997 878 2040 nitere
910 2009 1082 2041 neeesse
1115 2002 1207 2048 est,
1250 2001 1293 2041 et
1335 1994 1449 2041 unde
1475 1994 1618 2041 iucem
1647 1997 1869 2055 accipiunt
1908 2010 2018 2055 quae
2057 1997 2120 2040 lu·

405 2115 522 2158 mina
551 2119 595 2158 et
628 2114 815 2171 insignia
839 2116 1051 2158 orationis
1089 2114 1374 2173 appellantur.

463 2229 743 2275 Ost-enderem
786 2232 1008 2289 exemplo,
1051 2238 1262 2289 quantum
1305 2233 1511 2276 attineret
1554 2232 1775 2276 Tullianae
1811 2235 2016 2277 orationis
2057 2235 2118 2277 in·

401 2349 578 2420 genium
610 2349 785 2407 penitus
816 2355 1089 2408 perspectum
1115 2349 1296 2401 habere,
1340 2351 1375 2395 si
1409 2357 1644 2408 quaeratur
1673 2356 1847 2402 utrum,
1878 2351 1990 2409 quod
2022 2354 2116 2396 eius

402 2467 574 2510 nomine
606 2466 799 2518 seratur,
841 2469 1115 2512 subdititium
1147 2481 1202 2511 an
1230 2469 1468 2525 genuinum
1509 2471 1597 2519 sit,
1639 2476 1681 2513 et
1713 2469 1953 2525 delegeram
1999 2469 2116 2513 nobi-

399 2584 608 2628 lissimam
641 2583 888 2630 Orationem
937 2600 1013 2644 pro
1047 2587 1204 2631 Archia
1226 2621 1236 2639 ‚
1280 2548 1419 2645 quam‘
1446 2586 1627 2632 sortasse
1669 2600 1793 2631 nemo
1831 2601 1913 2631 non
1954 2601 1979 2631 a
2014 2603 2114 2648 pue·

396 2703 457 2747 ris
504 2702 602 2749 inde
652 2702 858 2749 admirari
911 2704 1063 2751 solitus
1104 2711 1230 2751 esset.
1306 2705 1387 2751 Sed
1446 2706 1500 2751 ad
1549 2707 1658 2751 hane
1702 2706 2115 2753 demonstrationem

397 2823 483 2865 otio
530 2835 636 2881 opus
677 2828 773 2898 est3
806 2837 890 2881 quo
922 2838 1037 2869 nunc
1083 2839 1166 2869 non
1205 2832 1328 2870 utor:
1379 2827 1524 2884 itaque
1558 2825 1661 2870 illud
1694 2826 1928 2871 accusandi
1967 2834 2008 2872 et
2050 2842 2113 2873 ar-

394 2941 553 3000 guendi
596 2954 754 2988 munus
798 2943 1040 3002 relinquere
1076 2945 1187 2990 malo
1226 2945 1513 2993 familiaribus
1544 2947 1680 2999 meis,
1726 2947 1768 2991 in
1803 2946 1961 3005 quibus
2003 2950 2113 2999 erit,

1819 3067 1872 3101 ⁴!
