<?xml version="1.0" encoding="UTF-8"?>
<!DOCTYPE html PUBLIC "-//W3C//DTD XHTML 1.0 Transitional//EN"
    "http://www.w3.org/TR/xhtml1/DTD/xhtml1-transitional.dtd">
<html xmlns="http://www.w3.org/1999/xhtml" xml:lang="en" lang="en">
 <head>
  <title>
</title>
<meta http-equiv="Content-Type" content="text/html;charset=utf-8" />
  <meta name='ocr-system' content='tesseract 3.04.00' />
  <meta name='ocr-capabilities' content='ocr_page ocr_carea ocr_par ocr_line ocrx_word'/>
</head>
<body>
  <div class='ocr_page' id='page_1' title='image "4777079_0015.png"; bbox 0 0 2767 3789; ppageno 0'>
   <div class='ocr_carea' id='block_1_1' title="bbox 0 0 2767 249">
    <p class='ocr_par' dir='ltr' id='par_1_1' title="bbox 0 0 2767 249">
     <span class='ocr_line' id='line_1_1' title="bbox 0 0 2767 249; baseline 0 3540"><span class='ocrx_word' id='word_1_1' title='bbox 0 0 2767 249; x_wconf 95' lang='lat' dir='ltr'><strong> </strong></span> 
     </span>
    </p>
   </div>
   <div class='ocr_carea' id='block_1_2' title="bbox 417 568 2134 646">
    <p class='ocr_par' dir='ltr' id='par_1_2' title="bbox 417 568 2134 646">
     <span class='ocr_line' id='line_1_2' title="bbox 417 568 2134 646; baseline 0 -15"><span class='ocrx_word' id='word_1_2' title='bbox 417 568 699 645; x_wconf 50' lang='lat' dir='ltr'><strong>&amp;cleptatem</strong></span> <span class='ocrx_word' id='word_1_3' title='bbox 713 590 890 646; x_wconf 85' lang='lat' dir='ltr'><strong>spectat.</strong></span> <span class='ocrx_word' id='word_1_4' title='bbox 926 586 1090 640; x_wconf 75' lang='lat' dir='ltr'><strong>,fline,</strong></span> <span class='ocrx_word' id='word_1_5' title='bbox 1133 600 1269 646; x_wconf 88' lang='lat' dir='ltr'><strong>quum</strong></span> <span class='ocrx_word' id='word_1_6' title='bbox 1306 586 1487 632; x_wconf 82' lang='lat' dir='ltr'><strong>Crassus</strong></span> <span class='ocrx_word' id='word_1_7' title='bbox 1522 571 1828 646; x_wconf 51' lang='lat' dir='ltr'><strong>{explicandum</strong></span> <span class='ocrx_word' id='word_1_8' title='bbox 1871 587 2134 645; x_wconf 76' lang='lat' dir='ltr'><strong>suscepisset</strong></span> 
     </span>
    </p>
   </div>
   <div class='ocr_carea' id='block_1_3' title="bbox 404 688 2128 2661">
    <p class='ocr_par' dir='ltr' id='par_1_3' title="bbox 404 688 2128 2661">
     <span class='ocr_line' id='line_1_3' title="bbox 417 688 2127 765; baseline 0.001 -14"><span class='ocrx_word' id='word_1_9' title='bbox 417 704 595 765; x_wconf 81' lang='lat' dir='ltr'><strong>quinam</strong></span> <span class='ocrx_word' id='word_1_10' title='bbox 621 688 935 753; x_wconf 23' lang='lat' dir='ltr'><strong>esset&#39;dieendi</strong></span> <span class='ocrx_word' id='word_1_11' title='bbox 966 704 1151 759; x_wconf 80' lang='lat' dir='ltr'><strong>modus,</strong></span> <span class='ocrx_word' id='word_1_12' title='bbox 1197 711 1243 752; x_wconf 89' lang='lat' dir='ltr'><strong>et</strong></span> <span class='ocrx_word' id='word_1_13' title='bbox 1279 705 1581 765; x_wconf 79' lang='lat' dir='ltr'><strong>postulavisset</strong></span> <span class='ocrx_word' id='word_1_14' title='bbox 1609 710 1659 751; x_wconf 88' lang='lat' dir='ltr'><strong>nt</strong></span> <span class='ocrx_word' id='word_1_15' title='bbox 1690 705 1863 758; x_wconf 87' lang='lat' dir='ltr'><strong>Latine,</strong></span> <span class='ocrx_word' id='word_1_16' title='bbox 1895 711 1946 752; x_wconf 92' lang='lat' dir='ltr'><strong>ut</strong></span> <span class='ocrx_word' id='word_1_17' title='bbox 1974 705 2127 765; x_wconf 84' lang='lat' dir='ltr'><strong>plane,</strong></span> 
     </span>
     <span class='ocr_line' id='line_1_4' title="bbox 419 824 2128 883; baseline 0.001 -14"><span class='ocrx_word' id='word_1_18' title='bbox 419 830 468 869; x_wconf 86' lang='lat' dir='ltr'><strong>ut</strong></span> <span class='ocrx_word' id='word_1_19' title='bbox 509 825 685 876; x_wconf 80' lang='lat' dir='ltr'><strong>ornate,</strong></span> <span class='ocrx_word' id='word_1_20' title='bbox 733 830 783 870; x_wconf 83' lang='lat' dir='ltr'><strong>ut</strong></span> <span class='ocrx_word' id='word_1_21' title='bbox 816 824 871 869; x_wconf 77' lang='lat' dir='ltr'><strong>ad</strong></span> <span class='ocrx_word' id='word_1_22' title='bbox 903 824 974 875; x_wconf 76' lang='lat' dir='ltr'><strong>id,</strong></span> <span class='ocrx_word' id='word_1_23' title='bbox 1019 824 1322 883; x_wconf 85' lang='lat' dir='ltr'><strong>quodcumque</strong></span> <span class='ocrx_word' id='word_1_24' title='bbox 1352 830 1585 883; x_wconf 78' lang='lat' dir='ltr'>ageretur,</span> <span class='ocrx_word' id='word_1_25' title='bbox 1618 830 1716 882; x_wconf 85' lang='lat' dir='ltr'><strong>apte</strong></span> <span class='ocrx_word' id='word_1_26' title='bbox 1754 832 2128 883; x_wconf 79' lang='lat' dir='ltr'><strong>congruenterque</strong></span> 
     </span>
     <span class='ocr_line' id='line_1_5' title="bbox 414 941 2128 1002; baseline 0.001 -15"><span class='ocrx_word' id='word_1_27' title='bbox 414 942 655 997; x_wconf 80' lang='lat' dir='ltr'><strong>diceretur,</strong></span> <span class='ocrx_word' id='word_1_28' title='bbox 700 955 786 989; x_wconf 88' lang='lat' dir='ltr'><strong>non</strong></span> <span class='ocrx_word' id='word_1_29' title='bbox 828 943 978 998; x_wconf 78' lang='lat' dir='ltr'><strong>haeret</strong></span> <span class='ocrx_word' id='word_1_30' title='bbox 1018 943 1064 988; x_wconf 91' lang='lat' dir='ltr'><strong>in</strong></span> <span class='ocrx_word' id='word_1_31' title='bbox 1097 941 1266 988; x_wconf 86' lang='lat' dir='ltr'><strong>duobus</strong></span> <span class='ocrx_word' id='word_1_32' title='bbox 1303 942 1391 988; x_wconf 91' lang='lat' dir='ltr'><strong>illis</strong></span> <span class='ocrx_word' id='word_1_33' title='bbox 1432 941 1675 1002; x_wconf 79' lang='lat' dir='ltr'><strong>prioribuS,</strong></span> <span class='ocrx_word' id='word_1_34' title='bbox 1723 942 1877 988; x_wconf 65' lang='lat' dir='ltr'><strong>latine</strong></span> <span class='ocrx_word' id='word_1_35' title='bbox 1919 942 2128 1002; x_wconf 84' lang='lat' dir='ltr'><strong>planeque</strong></span> 
     </span>
     <span class='ocr_line' id='line_1_6' title="bbox 415 1033 2126 1122; baseline 0.001 -17"><span class='ocrx_word' id='word_1_36' title='bbox 415 1062 613 1115; x_wconf 84' lang='lat' dir='ltr'><strong>dicendi,</strong></span> <span class='ocrx_word' id='word_1_37' title='bbox 645 1062 721 1106; x_wconf 86' lang='lat' dir='ltr'><strong>sed</strong></span> <span class='ocrx_word' id='word_1_38' title='bbox 751 1033 952 1122; x_wconf 85' lang='lat' dir='ltr'><strong>properat</strong></span> <span class='ocrx_word' id='word_1_39' title='bbox 982 1062 1038 1106; x_wconf 80' lang='lat' dir='ltr'><strong>ad</strong></span> <span class='ocrx_word' id='word_1_40' title='bbox 1066 1061 1262 1121; x_wconf 85' lang='lat' dir='ltr'><strong>reliqua,</strong></span> <span class='ocrx_word' id='word_1_41' title='bbox 1305 1061 1463 1121; x_wconf 89' lang='lat' dir='ltr'><strong>quibus</strong></span> <span class='ocrx_word' id='word_1_42' title='bbox 1495 1063 1660 1113; x_wconf 89' lang='lat' dir='ltr'><strong>omnis,</strong></span> <span class='ocrx_word' id='word_1_43' title='bbox 1693 1062 1862 1119; x_wconf 86' lang='lat' dir='ltr'><strong>inquit,</strong></span> <span class='ocrx_word' id='word_1_44' title='bbox 1896 1061 2126 1106; x_wconf 86' lang='lat' dir='ltr'><strong>admiratio</strong></span> 
     </span>
     <span class='ocr_line' id='line_1_7' title="bbox 415 1180 2127 1240; baseline 0.001 -15"><span class='ocrx_word' id='word_1_45' title='bbox 415 1181 606 1240; x_wconf 83' lang='lat' dir='ltr'><strong>ingenii,</strong></span> <span class='ocrx_word' id='word_1_46' title='bbox 638 1182 780 1227; x_wconf 84' lang='lat' dir='ltr'><strong>omnis</strong></span> <span class='ocrx_word' id='word_1_47' title='bbox 806 1180 902 1227; x_wconf 88' lang='lat' dir='ltr'><strong>laus</strong></span> <span class='ocrx_word' id='word_1_48' title='bbox 931 1180 1202 1240; x_wconf 84' lang='lat' dir='ltr'><strong>eloquentiae</strong></span> <span class='ocrx_word' id='word_1_49' title='bbox 1226 1181 1485 1227; x_wconf 79' lang='lat' dir='ltr'><strong>continetur.</strong></span> <span class='ocrx_word' id='word_1_50' title='bbox 1531 1181 1672 1226; x_wconf 90' lang='lat' dir='ltr'><strong>Pauca</strong></span> <span class='ocrx_word' id='word_1_51' title='bbox 1704 1186 1872 1233; x_wconf 90' lang='lat' dir='ltr'><strong>tamen,</strong></span> <span class='ocrx_word' id='word_1_52' title='bbox 1898 1195 2009 1240; x_wconf 92' lang='lat' dir='ltr'><strong>quae</strong></span> <span class='ocrx_word' id='word_1_53' title='bbox 2035 1196 2127 1226; x_wconf 90' lang='lat' dir='ltr'><strong>mo-</strong></span> 
     </span>
     <span class='ocr_line' id='line_1_8' title="bbox 413 1284 2122 1361; baseline 0 -15"><span class='ocrx_word' id='word_1_54' title='bbox 413 1307 510 1354; x_wconf 86' lang='lat' dir='ltr'><strong>net,</strong></span> <span class='ocrx_word' id='word_1_55' title='bbox 543 1315 628 1347; x_wconf 86' lang='lat' dir='ltr'><strong>non</strong></span> <span class='ocrx_word' id='word_1_56' title='bbox 659 1307 830 1349; x_wconf 90' lang='lat' dir='ltr'><strong>tantum</strong></span> <span class='ocrx_word' id='word_1_57' title='bbox 855 1307 959 1347; x_wconf 89' lang='lat' dir='ltr'><strong>sunt</strong></span> <span class='ocrx_word' id='word_1_58' title='bbox 986 1304 1079 1361; x_wconf 90' lang='lat' dir='ltr'><strong>ipsa</strong></span> <span class='ocrx_word' id='word_1_59' title='bbox 1109 1302 1395 1361; x_wconf 82' lang='lat' dir='ltr'><strong>gravissima,</strong></span> <span class='ocrx_word' id='word_1_60' title='bbox 1418 1284 1502 1347; x_wconf 32' lang='lat' dir='ltr'><strong>&#39;sed</strong></span> <span class='ocrx_word' id='word_1_61' title='bbox 1533 1302 1754 1347; x_wconf 82' lang='lat' dir='ltr'><strong>continere</strong></span> <span class='ocrx_word' id='word_1_62' title='bbox 1785 1301 1894 1346; x_wconf 89' lang='lat' dir='ltr'><strong>mihi</strong></span> <span class='ocrx_word' id='word_1_63' title='bbox 1919 1301 2122 1347; x_wconf 86' lang='lat' dir='ltr'><strong>videntur</strong></span> 
     </span>
     <span class='ocr_line' id='line_1_9' title="bbox 412 1419 2120 1478; baseline -0.001 -14"><span class='ocrx_word' id='word_1_64' title='bbox 412 1420 656 1478; x_wconf 83' lang='lat' dir='ltr'><strong>aequalium</strong></span> <span class='ocrx_word' id='word_1_65' title='bbox 688 1419 1063 1477; x_wconf 75' lang='lat' dir='ltr'><strong>reprehensionem</strong></span> <span class='ocrx_word' id='word_1_66' title='bbox 1095 1425 1140 1464; x_wconf 91' lang='lat' dir='ltr'><strong>et</strong></span> <span class='ocrx_word' id='word_1_67' title='bbox 1164 1421 1492 1477; x_wconf 83' lang='lat' dir='ltr'><strong>castigationem</strong></span> <span class='ocrx_word' id='word_1_68' title='bbox 1523 1421 1770 1464; x_wconf 86' lang='lat' dir='ltr'><strong>eommunis</strong></span> <span class='ocrx_word' id='word_1_69' title='bbox 1794 1419 2021 1464; x_wconf 87' lang='lat' dir='ltr'><strong>cuiusdam</strong></span> <span class='ocrx_word' id='word_1_70' title='bbox 2054 1420 2120 1464; x_wconf 88' lang='lat' dir='ltr'><strong>vel</strong></span> 
     </span>
     <span class='ocr_line' id='line_1_10' title="bbox 412 1535 2118 1595; baseline 0 -15"><span class='ocrx_word' id='word_1_71' title='bbox 412 1538 638 1588; x_wconf 69' lang='lat' dir='ltr'><strong>inscitiae,</strong></span> <span class='ocrx_word' id='word_1_72' title='bbox 669 1536 737 1579; x_wconf 88' lang='lat' dir='ltr'><strong>vel</strong></span> <span class='ocrx_word' id='word_1_73' title='bbox 768 1535 1054 1593; x_wconf 79' lang='lat' dir='ltr'><strong>negligentiae</strong></span> <span class='ocrx_word' id='word_1_74' title='bbox 1068 1538 1121 1595; x_wconf 81' lang='lat'><strong>⁸).</strong></span> <span class='ocrx_word' id='word_1_75' title='bbox 1184 1538 1237 1581; x_wconf 88' lang='lat' dir='ltr'><strong>Et</strong></span> <span class='ocrx_word' id='word_1_76' title='bbox 1270 1537 1385 1580; x_wconf 82' lang='lat' dir='ltr'><strong>baud</strong></span> <span class='ocrx_word' id='word_1_77' title='bbox 1417 1538 1506 1580; x_wconf 90' lang='lat' dir='ltr'><strong>scio</strong></span> <span class='ocrx_word' id='word_1_78' title='bbox 1542 1550 1595 1581; x_wconf 89' lang='lat' dir='ltr'><strong>an</strong></span> <span class='ocrx_word' id='word_1_79' title='bbox 1634 1537 1724 1593; x_wconf 84' lang='lat' dir='ltr'><strong>ipse</strong></span> <span class='ocrx_word' id='word_1_80' title='bbox 1761 1536 1909 1579; x_wconf 79' lang='lat' dir='ltr'><strong>Cicero</strong></span> <span class='ocrx_word' id='word_1_81' title='bbox 1952 1539 2118 1593; x_wconf 87' lang='lat' dir='ltr'><strong>primus</strong></span> 
     </span>
     <span class='ocr_line' id='line_1_11' title="bbox 413 1617 2121 1712; baseline 0 -14"><span class='ocrx_word' id='word_1_82' title='bbox 413 1655 544 1698; x_wconf 80' lang='lat' dir='ltr'><strong>suerit</strong></span> <span class='ocrx_word' id='word_1_83' title='bbox 590 1654 665 1711; x_wconf 88' lang='lat' dir='ltr'><strong>qni</strong></span> <span class='ocrx_word' id='word_1_84' title='bbox 704 1652 821 1697; x_wconf 92' lang='lat' dir='ltr'><strong>illam</strong></span> <span class='ocrx_word' id='word_1_85' title='bbox 863 1652 1014 1698; x_wconf 87' lang='lat' dir='ltr'><strong>Latine</strong></span> <span class='ocrx_word' id='word_1_86' title='bbox 1054 1617 1255 1712; x_wconf 89' lang='lat' dir='ltr'><strong>loquendi</strong></span> <span class='ocrx_word' id='word_1_87' title='bbox 1289 1653 1537 1699; x_wconf 83' lang='lat' dir='ltr'><strong>facultatem</strong></span> <span class='ocrx_word' id='word_1_88' title='bbox 1574 1661 1616 1699; x_wconf 91' lang='lat' dir='ltr'><strong>et</strong></span> <span class='ocrx_word' id='word_1_89' title='bbox 1657 1654 1829 1711; x_wconf 83' lang='lat' dir='ltr'><strong>iugenio</strong></span> <span class='ocrx_word' id='word_1_90' title='bbox 1870 1660 1913 1697; x_wconf 91' lang='lat' dir='ltr'><strong>et</strong></span> <span class='ocrx_word' id='word_1_91' title='bbox 1955 1655 2121 1699; x_wconf 89' lang='lat' dir='ltr'><strong>ratione</strong></span> 
     </span>
     <span class='ocr_line' id='line_1_12' title="bbox 413 1772 2120 1832; baseline 0 -15"><span class='ocrx_word' id='word_1_92' title='bbox 413 1777 670 1817; x_wconf 86' lang='lat' dir='ltr'><strong>consecutus</strong></span> <span class='ocrx_word' id='word_1_93' title='bbox 687 1773 763 1824; x_wconf 90' lang='lat' dir='ltr'><strong>sit,</strong></span> <span class='ocrx_word' id='word_1_94' title='bbox 791 1773 950 1830; x_wconf 85' lang='lat' dir='ltr'><strong>quique</strong></span> <span class='ocrx_word' id='word_1_95' title='bbox 976 1773 1069 1817; x_wconf 88' lang='lat' dir='ltr'><strong>eius</strong></span> <span class='ocrx_word' id='word_1_96' title='bbox 1095 1773 1365 1832; x_wconf 90' lang='lat' dir='ltr'><strong>disciplinam</strong></span> <span class='ocrx_word' id='word_1_97' title='bbox 1393 1774 1668 1818; x_wconf 89' lang='lat' dir='ltr'><strong>constituerit</strong></span> <span class='ocrx_word' id='word_1_98' title='bbox 1694 1779 1736 1817; x_wconf 90' lang='lat' dir='ltr'><strong>et</strong></span> <span class='ocrx_word' id='word_1_99' title='bbox 1764 1772 1989 1830; x_wconf 89' lang='lat' dir='ltr'><strong>reliquerit</strong></span> <span class='ocrx_word' id='word_1_100' title='bbox 2024 1773 2120 1817; x_wconf 85' lang='lat' dir='ltr'><strong>aliis</strong></span> 
     </span>
     <span class='ocr_line' id='line_1_13' title="bbox 410 1891 2116 1950; baseline 0 -15"><span class='ocrx_word' id='word_1_101' title='bbox 410 1891 667 1950; x_wconf 89' lang='lat' dir='ltr'><strong>exemplum.</strong></span> <span class='ocrx_word' id='word_1_102' title='bbox 732 1891 851 1947; x_wconf 86' lang='lat' dir='ltr'><strong>Quod</strong></span> <span class='ocrx_word' id='word_1_103' title='bbox 895 1893 932 1936; x_wconf 89' lang='lat' dir='ltr'><strong>si</strong></span> <span class='ocrx_word' id='word_1_104' title='bbox 971 1893 1069 1949; x_wconf 90' lang='lat' dir='ltr'><strong>quis</strong></span> <span class='ocrx_word' id='word_1_105' title='bbox 1108 1893 1277 1950; x_wconf 88' lang='lat' dir='ltr'><strong>quaerit</strong></span> <span class='ocrx_word' id='word_1_106' title='bbox 1321 1906 1404 1950; x_wconf 92' lang='lat' dir='ltr'><strong>quo</strong></span> <span class='ocrx_word' id='word_1_107' title='bbox 1451 1893 1544 1936; x_wconf 88' lang='lat' dir='ltr'><strong>iure</strong></span> <span class='ocrx_word' id='word_1_108' title='bbox 1590 1892 1706 1937; x_wconf 89' lang='lat' dir='ltr'><strong>hunc</strong></span> <span class='ocrx_word' id='word_1_109' title='bbox 1744 1892 2033 1950; x_wconf 87' lang='lat' dir='ltr'><strong>principatum</strong></span> <span class='ocrx_word' id='word_1_110' title='bbox 2075 1900 2116 1935; x_wconf 88' lang='lat' dir='ltr'><strong>et</strong></span> 
     </span>
     <span class='ocr_line' id='line_1_14' title="bbox 408 1984 2117 2068; baseline 0.001 -14"><span class='ocrx_word' id='word_1_111' title='bbox 408 2016 554 2056; x_wconf 87' lang='lat' dir='ltr'><strong>tantae</strong></span> <span class='ocrx_word' id='word_1_112' title='bbox 581 2012 644 2056; x_wconf 90' lang='lat' dir='ltr'><strong>rei</strong></span> <span class='ocrx_word' id='word_1_113' title='bbox 677 2011 978 2056; x_wconf 86' lang='lat' dir='ltr'><strong>auctoritatem</strong></span> <span class='ocrx_word' id='word_1_114' title='bbox 1001 2012 1041 2056; x_wconf 89' lang='lat' dir='ltr'><strong>ei</strong></span> <span class='ocrx_word' id='word_1_115' title='bbox 1064 2010 1278 2067; x_wconf 67' lang='lat' dir='ltr'><strong>vindicem</strong></span> <span class='ocrx_word' id='word_1_116' title='bbox 1300 2047 1310 2064; x_wconf 92' lang='lat'><strong>,</strong></span> <span class='ocrx_word' id='word_1_117' title='bbox 1346 2023 1479 2068; x_wconf 90' lang='lat' dir='ltr'><strong>quum</strong></span> <span class='ocrx_word' id='word_1_118' title='bbox 1507 2024 1556 2056; x_wconf 90' lang='lat' dir='ltr'><strong>ea</strong></span> <span class='ocrx_word' id='word_1_119' title='bbox 1589 2010 1825 2054; x_wconf 86' lang='lat' dir='ltr'><strong>multorum</strong></span> <span class='ocrx_word' id='word_1_120' title='bbox 1857 1984 2024 2068; x_wconf 20' lang='lat' dir='ltr'><strong>scripta*</strong></span> <span class='ocrx_word' id='word_1_121' title='bbox 2048 2025 2117 2068; x_wconf 90' lang='lat' dir='ltr'><strong>pe·</strong></span> 
     </span>
     <span class='ocr_line' id='line_1_15' title="bbox 409 2128 2118 2187; baseline 0.001 -17"><span class='ocrx_word' id='word_1_122' title='bbox 409 2130 584 2181; x_wconf 86' lang='lat' dir='ltr'><strong>rierint,</strong></span> <span class='ocrx_word' id='word_1_123' title='bbox 617 2141 726 2187; x_wconf 71' lang='lat' dir='ltr'><strong>quae</strong></span> <span class='ocrx_word' id='word_1_124' title='bbox 756 2129 936 2173; x_wconf 79' lang='lat' dir='ltr'><strong>fortasse</strong></span> <span class='ocrx_word' id='word_1_125' title='bbox 960 2142 1060 2173; x_wconf 92' lang='lat' dir='ltr'><strong>cum</strong></span> <span class='ocrx_word' id='word_1_126' title='bbox 1079 2129 1288 2173; x_wconf 88' lang='lat' dir='ltr'><strong>Tullianis</strong></span> <span class='ocrx_word' id='word_1_127' title='bbox 1315 2128 1605 2172; x_wconf 88' lang='lat' dir='ltr'><strong>voluminibus</strong></span> <span class='ocrx_word' id='word_1_128' title='bbox 1635 2129 1922 2187; x_wconf 89' lang='lat' dir='ltr'><strong>comparanda</strong></span> <span class='ocrx_word' id='word_1_129' title='bbox 1947 2137 2118 2183; x_wconf 89' lang='lat' dir='ltr'><strong>essent,</strong></span> 
     </span>
     <span class='ocr_line' id='line_1_16' title="bbox 407 2245 2111 2306; baseline 0.001 -16"><span class='ocrx_word' id='word_1_130' title='bbox 407 2261 490 2290; x_wconf 89' lang='lat' dir='ltr'><strong>non</strong></span> <span class='ocrx_word' id='word_1_131' title='bbox 521 2245 730 2304; x_wconf 80' lang='lat' dir='ltr'><strong>defungar</strong></span> <span class='ocrx_word' id='word_1_132' title='bbox 764 2246 835 2290; x_wconf 86' lang='lat' dir='ltr'><strong>illo</strong></span> <span class='ocrx_word' id='word_1_133' title='bbox 868 2246 1061 2292; x_wconf 85' lang='lat' dir='ltr'><strong>Caesaris</strong></span> <span class='ocrx_word' id='word_1_134' title='bbox 1089 2247 1334 2292; x_wconf 87' lang='lat' dir='ltr'><strong>testimonio</strong></span> <span class='ocrx_word' id='word_1_135' title='bbox 1353 2281 1363 2299; x_wconf 92' lang='lat'><strong><em>‚</em></strong></span> <span class='ocrx_word' id='word_1_136' title='bbox 1395 2245 1508 2306; x_wconf 74' lang='lat' dir='ltr'><strong>qued</strong></span> <span class='ocrx_word' id='word_1_137' title='bbox 1540 2246 1665 2291; x_wconf 89' lang='lat' dir='ltr'><strong>modo</strong></span> <span class='ocrx_word' id='word_1_138' title='bbox 1691 2247 2111 2299; x_wconf 87' lang='lat' dir='ltr'><strong>commemorabam,</strong></span> 
     </span>
     <span class='ocr_line' id='line_1_17' title="bbox 406 2365 1956 2424; baseline 0 -15"><span class='ocrx_word' id='word_1_139' title='bbox 406 2365 479 2409; x_wconf 90' lang='lat' dir='ltr'><strong>sed</strong></span> <span class='ocrx_word' id='word_1_140' title='bbox 507 2372 607 2409; x_wconf 86' lang='lat' dir='ltr'><strong>utar</strong></span> <span class='ocrx_word' id='word_1_141' title='bbox 636 2366 689 2409; x_wconf 89' lang='lat' dir='ltr'><strong>iis</strong></span> <span class='ocrx_word' id='word_1_142' title='bbox 726 2366 966 2410; x_wconf 85' lang='lat' dir='ltr'><strong>rationibus</strong></span> <span class='ocrx_word' id='word_1_143' title='bbox 993 2380 1103 2424; x_wconf 89' lang='lat' dir='ltr'><strong>quae</strong></span> <span class='ocrx_word' id='word_1_144' title='bbox 1134 2381 1234 2410; x_wconf 90' lang='lat' dir='ltr'><strong>cum</strong></span> <span class='ocrx_word' id='word_1_145' title='bbox 1273 2368 1335 2411; x_wconf 89' lang='lat' dir='ltr'><strong>rei</strong></span> <span class='ocrx_word' id='word_1_146' title='bbox 1375 2371 1530 2410; x_wconf 88' lang='lat' dir='ltr'><strong>natura</strong></span> <span class='ocrx_word' id='word_1_147' title='bbox 1557 2365 1811 2410; x_wconf 89' lang='lat' dir='ltr'><strong>coniunctae</strong></span> <span class='ocrx_word' id='word_1_148' title='bbox 1842 2372 1956 2409; x_wconf 88' lang='lat' dir='ltr'><strong>sunt.</strong></span> 
     </span>
     <span class='ocr_line' id='line_1_18' title="bbox 466 2483 2110 2543; baseline 0.001 -17"><span class='ocrx_word' id='word_1_149' title='bbox 466 2483 718 2528; x_wconf 85' lang='lat' dir='ltr'><strong>Omittimus</strong></span> <span class='ocrx_word' id='word_1_150' title='bbox 749 2486 896 2543; x_wconf 86' lang='lat' dir='ltr'><strong>poesin</strong></span> <span class='ocrx_word' id='word_1_151' title='bbox 925 2491 967 2528; x_wconf 88' lang='lat' dir='ltr'><strong>et</strong></span> <span class='ocrx_word' id='word_1_152' title='bbox 997 2490 1141 2543; x_wconf 87' lang='lat' dir='ltr'><strong>poetas</strong></span> <span class='ocrx_word' id='word_1_153' title='bbox 1159 2518 1170 2537; x_wconf 89' lang='lat'><strong><em>‚</em></strong></span> <span class='ocrx_word' id='word_1_154' title='bbox 1202 2485 1380 2543; x_wconf 84' lang='lat' dir='ltr'><strong>quibus,</strong></span> <span class='ocrx_word' id='word_1_155' title='bbox 1411 2486 1448 2528; x_wconf 89' lang='lat' dir='ltr'><strong>si</strong></span> <span class='ocrx_word' id='word_1_156' title='bbox 1477 2485 1602 2528; x_wconf 92' lang='lat' dir='ltr'><strong>modo</strong></span> <span class='ocrx_word' id='word_1_157' title='bbox 1637 2497 1839 2528; x_wconf 89' lang='lat' dir='ltr'><strong>numeros</strong></span> <span class='ocrx_word' id='word_1_158' title='bbox 1866 2491 2110 2538; x_wconf 74' lang='lat' dir='ltr'><strong>servarent,</strong></span> 
     </span>
     <span class='ocr_line' id='line_1_19' title="bbox 404 2603 2111 2661; baseline 0.002 -15"><span class='ocrx_word' id='word_1_159' title='bbox 404 2603 605 2646; x_wconf 88' lang='lat' dir='ltr'><strong>liberiora</strong></span> <span class='ocrx_word' id='word_1_160' title='bbox 636 2603 781 2647; x_wconf 86' lang='lat' dir='ltr'><strong>omnia</strong></span> <span class='ocrx_word' id='word_1_161' title='bbox 810 2603 1184 2655; x_wconf 87' lang='lat' dir='ltr'><strong>concedebantur,</strong></span> <span class='ocrx_word' id='word_1_162' title='bbox 1212 2616 1482 2661; x_wconf 87' lang='lat' dir='ltr'><strong>quorumque</strong></span> <span class='ocrx_word' id='word_1_163' title='bbox 1514 2617 1655 2648; x_wconf 87' lang='lat' dir='ltr'><strong>sermo</strong></span> <span class='ocrx_word' id='word_1_164' title='bbox 1674 2638 1684 2655; x_wconf 91' lang='lat'><strong>,</strong></span> <span class='ocrx_word' id='word_1_165' title='bbox 1720 2603 1836 2647; x_wconf 88' lang='lat' dir='ltr'><strong>verbi</strong></span> <span class='ocrx_word' id='word_1_166' title='bbox 1868 2617 1999 2648; x_wconf 88' lang='lat' dir='ltr'><strong>causa</strong></span> <span class='ocrx_word' id='word_1_167' title='bbox 2036 2605 2111 2648; x_wconf 88' lang='lat' dir='ltr'><strong>Co·</strong></span> 
     </span>
    </p>
   </div>
   <div class='ocr_carea' id='block_1_4' title="bbox 405 2723 2109 2783">
    <p class='ocr_par' dir='ltr' id='par_1_4' title="bbox 405 2723 2109 2783">
     <span class='ocr_line' id='line_1_20' title="bbox 405 2723 2109 2783; baseline 0 -14"><span class='ocrx_word' id='word_1_168' title='bbox 405 2725 617 2769; x_wconf 90' lang='lat' dir='ltr'><strong>micorum</strong></span> <span class='ocrx_word' id='word_1_169' title='bbox 636 2756 647 2774; x_wconf 94' lang='lat'>‚</span> <span class='ocrx_word' id='word_1_170' title='bbox 680 2735 1003 2781; x_wconf 83' lang='lat' dir='ltr'><strong>nonnumquam</strong></span> <span class='ocrx_word' id='word_1_171' title='bbox 1038 2725 1210 2783; x_wconf 87' lang='lat' dir='ltr'><strong>propius</strong></span> <span class='ocrx_word' id='word_1_172' title='bbox 1238 2723 1440 2770; x_wconf 88' lang='lat' dir='ltr'><strong>accedere</strong></span> <span class='ocrx_word' id='word_1_173' title='bbox 1467 2723 1693 2769; x_wconf 87' lang='lat' dir='ltr'><strong>videbatur</strong></span> <span class='ocrx_word' id='word_1_174' title='bbox 1722 2723 1776 2768; x_wconf 90' lang='lat' dir='ltr'><strong>ad</strong></span> <span class='ocrx_word' id='word_1_175' title='bbox 1808 2723 2109 2781; x_wconf 88' lang='lat' dir='ltr'><strong>quotidianum</strong></span> 
     </span>
    </p>
   </div>
   <div class='ocr_carea' id='block_1_5' title="bbox 454 3001 1177 3054">
    <p class='ocr_par' dir='ltr' id='par_1_5' title="bbox 454 3001 1177 3054">
     <span class='ocr_line' id='line_1_21' title="bbox 454 3001 1177 3054; baseline 0.003 -13"><span class='ocrx_word' id='word_1_176' title='bbox 454 3001 484 3054; x_wconf 82' lang='grc'><strong>5)</strong></span> <span class='ocrx_word' id='word_1_177' title='bbox 513 3008 605 3043; x_wconf 83' lang='lat' dir='ltr'><strong>Cous.</strong></span> <span class='ocrx_word' id='word_1_178' title='bbox 634 3009 679 3042; x_wconf 82' lang='lat' dir='ltr'><strong>lle</strong></span> <span class='ocrx_word' id='word_1_179' title='bbox 706 3009 842 3042; x_wconf 88' lang='lat' dir='ltr'><strong>Oratore</strong></span> <span class='ocrx_word' id='word_1_180' title='bbox 871 3009 931 3044; x_wconf 90' lang='lat'>111.</span> <span class='ocrx_word' id='word_1_181' title='bbox 967 3003 986 3050; x_wconf 55' lang='grc' dir='ltr'>ᾗ</span> <span class='ocrx_word' id='word_1_182' title='bbox 1012 3009 1177 3045; x_wconf 81' lang='grc'><strong>37-52.</strong></span> 
     </span>
    </p>
   </div>
  </div>
 </body>
</html>
