2767 3789
1247 419 1303 462 25

420 579 552 624 sunt,
587 572 930 631 praeclarissimo
956 572 1176 618 Ciceronis
1203 573 1467 630 interprete,
1499 571 1798 623 dissentirem,
1832 570 2062 629 aliquoties
2095 572 2139 613 in

424 691 632 738 Scholicis
674 690 1030 751 Hypomnematis
1061 689 1262 747 explicui.
1330 689 1550 746 Singulari
1597 691 1635 734 is
1676 691 1875 734 acumine
1906 696 1950 734 et
1993 689 2140 734 soller-

423 813 484 855 tia
526 817 617 855 tum
656 810 926 868 singulorum
961 806 1199 856 ,verborum
1246 812 1501 865 potestatem
1520 841 1532 859 ,
1580 813 1674 853 tum
1721 810 1983 854 necessarias
2026 821 2140 854 com-

426 931 718 990 ponendarum
747 928 1063 974 sententiarum
1097 926 1213 984 leges
1237 927 1465 974 >assecutus
1494 928 1667 984 egregie
1699 927 1779 972 hoc
1811 926 2025 985 praesidio
2056 929 2139 969 uti·

427 1058 498 1096 tur
530 1050 574 1094 in
618 1045 866 1106 refingenda
913 1045 1111 1093 Tulliana
1142 1046 1336 1092 oratione
1366 1050 1410 1092 et
1440 1044 1700 1092 vindicanda
1733 1045 1786 1089 ab
1816 1044 2141 1089 innumerabili-

423 1171 503 1214 bus
549 1166 678 1224 nugis
717 1179 773 1220 ,ae
820 1165 1045 1224 sordibus,
1088 1165 1245 1223 quibus
1292 1177 1386 1210 eam
1431 1165 1701 1222 inquinatam
1748 1166 1793 1209 in
1835 1165 2144 1211 vetustissimis

424 1289 528 1333 adeo
570 1285 834 1331 membranis
876 1283 1250 1342 deprehendimus.
1316 1284 1399 1329 Sed
1440 1284 1555 1329 idem
1598 1284 1733 1329 nimia
1774 1285 1981 1343 religione
2023 1284 2141 1329 illam

425 1407 526 1451 colit
556 1405 888 1455 auctoritatem,
929 1409 972 1447 et
1003 1409 1246 1448 extremum
1287 1404 1485 1460 attigisse
1528 1402 1610 1447 sibi
1644 1402 1838 1453 videtur,
1884 1405 1921 1446 si
1962 1403 2140 1449 demon-

427 1525 650 1569 stravisset
682 1520 787 1576 quid
821 1522 866 1563 in
905 1521 1167 1578 archetypo,
1213 1527 1263 1564 ut
1294 1521 1502 1577 appellat,
1535 1521 1668 1565 fuisse
1707 1534 1880 1565 necesse
1920 1530 2054 1572 esset,
2102 1523 2143 1566 id

427 1646 492 1683 est
524 1640 566 1682 in
601 1651 649 1681 eo
681 1636 848 1689 codice,
883 1650 933 1681 ex
964 1650 1048 1694 quo
1076 1636 1233 1694 reliqui
1263 1650 1435 1689 omnes,
1472 1643 1518 1683 ut
1548 1643 1697 1696 putat,
1732 1639 1984 1691 fluxissent,
2018 1645 2146 1696 quem

427 1759 498 1801 vix
529 1757 816 1815 antiquiorem
860 1755 1003 1801 seculo
1047 1761 1196 1801 octavo
1239 1755 1372 1800 fuisse
1419 1756 1623 1801 credibile
1666 1762 1743 1801 est.
1808 1758 1901 1801 Non
1945 1759 2144 1816 equidem

429 1883 747 1921 contemnerem
790 1877 825 1919 si
859 1889 944 1934 qua
973 1874 1144 1919 fortuna
1177 1876 1298 1921 nobis
1335 1876 1579 1921 istiusmodi
1612 1876 1897 1936 archetypum
1932 1890 2142 1934 usurpan-

428 1999 529 2041 dum
563 1996 841 2045 concederet;
875 1995 948 2040 sed
981 1994 1131 2052 quidni
1166 2002 1260 2040 tum
1300 1997 1393 2041 eius
1425 1996 1559 2053 ipsius
1597 1995 1797 2055 deinceps
1837 2003 2058 2042 auctorem
2105 2004 2140 2041 et

429 2120 648 2173 parentem
688 2114 1041 2171 requireremus?
1090 2128 1224 2171 quum
1270 2116 1524 2171 praesertim
1570 2121 1737 2158 constet
1770 2115 1857 2159 fere
1888 2118 1931 2158 in
1977 2131 2024 2159 eo
2053 2118 2141 2172 plu-

429 2236 540 2277 rima
579 2232 760 2289 vestigia
803 2231 1088 2288 negligentiae
1120 2238 1162 2275 et
1203 2233 1471 2289 ignorantiae
1510 2231 1866 2291 deprehendenda
1898 2249 2002 2279 esse.
2068 2234 2143 2276 Ve-

430 2357 675 2395 rumtamen
712 2362 794 2392 non
836 2355 923 2392 tam
958 2350 1063 2393 illud
1095 2351 1391 2408 quaerendum
1434 2352 1540 2395 mihi
1574 2351 1771 2403 videtur,
1816 2353 1917 2401 sed,
1961 2356 2144 2409 cognitis

429 2468 741 2526 multiplicibus
777 2468 975 2513 codicum
1021 2468 1188 2521 turbis,
1238 2471 1384 2515 minus
1416 2470 1730 2523 divinandum,
1775 2485 1899 2529 quam
1938 2472 2145 2528 probabili

430 2589 595 2632 ratione
627 2586 899 2632 efficiendum
935 2587 1038 2646 quid
1068 2589 1111 2632 in
1145 2602 1245 2633 vero
1278 2590 1514 2651 archetypo
1543 2590 1701 2641 fuerit;
1744 2605 1870 2649 quem
1903 2593 1937 2635 si
1972 2591 2146 2636 habere·

432 2721 557 2759 muS‚
601 2720 725 2765 saepe
766 2705 819 2751 ab
862 2707 954 2764 ipso
997 2707 1200 2753 Cicerone
1244 2709 1511 2756 inculcatum
1561 2717 1602 2756 et
1646 2709 1880 2763 resectum,
1932 2712 2059 2771 (conl.
2096 2714 2147 2757 ad

432 2826 656 2873 Att.XV1.
692 2828 744 2877 5,
789 2824 861 2869 ubi
901 2826 1098 2885 suspicor
1141 2826 1332 2874 Laelium
1372 2830 1696 2889 intelligendum
1734 2831 1841 2890 esse)
1877 2831 1971 2876 fieri
2004 2839 2147 2877 tamen

432 2953 570 3006 potest
601 2953 650 2990 ut
682 2961 765 2992 non
798 2949 915 2993 omni
956 2946 1225 2993 dubitatione
1257 2949 1554 2995 liberaremur.
1619 2952 1841 2994 Assentior
1873 2952 2007 3008 igitur
2039 2953 2150 2995 Mad-
