2767 3789
1452 425 1506 466 72

661 575 762 616 Ibid.
818 574 1000 626 Ephorus
1022 579 1147 613 autem
1174 597 1227 604 -
1255 576 1320 616 sed
1345 577 1551 628 profectas.
1608 576 1820 624 Quomodo
1843 577 1897 617 sit
1924 577 2224 631 corrigendum,
2250 578 2337 618 dixi

609 686 650 726 in
678 685 848 728 Scholic.
888 670 1179 739 Hypomn.111‘.
1215 700 1251 740 p.
1277 688 1340 728 86.

620 822 622 824 v
660 800 759 839 Ihid.
820 800 929 846 Quod
956 800 1056 838 enlm
1080 812 1207 850 paean
1237 800 1375 840 habeat
1405 807 1481 841 tres
1509 802 1654 847 breves,
1696 800 1871 851 dactylus
1906 805 2034 841 aulem
2069 799 2179 846 duas,
2222 801 2336 843 brevi-

607 916 682 953 tate
710 917 745 953 et
782 910 975 954 celeritate
1008 911 1247 965 syllabarum
1275 912 1353 955 labi
1377 918 1488 968 putat
1514 914 1627 956 verba
1661 913 1891 967 proclivius,
1929 916 2133 974 contraque
2167 913 2337 954 accidere

607 1026 647 1063 in
685 1026 849 1076 spondeo
882 1031 916 1064 et
951 1025 1154 1070 trochaeo;
1193 1028 1291 1075 quod
1317 1027 1416 1066 alter
1444 1041 1463 1066 e
1491 1028 1613 1079 lonyis
1639 1032 1856 1074 constaret,
1889 1025 1989 1066 alter
2017 1038 2037 1065 e
2070 1024 2239 1066 brevibus
2269 1026 2333 1078 fie-

576 1193 579 1197 ι
605 1142 663 1176 ret
680 1169 689 1182 ,
728 1137 891 1178 alteram
928 1137 1044 1177 nimis
1080 1137 1279 1179 incitatam
1293 1170 1302 1184 ‚
1345 1139 1509 1182 alteram
1544 1139 1658 1180 nimis
1698 1139 1852 1180 tardam
1888 1137 2096 1179 orationem
2111 1171 2120 1185 ,
2158 1143 2333 1179 neutram

603 1252 859 1298 temperatam.
916 1247 1028 1294 Quae
1067 1247 1143 1286 ista
1180 1247 1349 1288 tarditas
1377 1256 1463 1294 est,
1505 1257 1551 1289 ut
1580 1261 1659 1288 non
1699 1256 1906 1301 receptum
1935 1250 1988 1289 sit
2014 1249 2189 1290 Ernestii
2212 1249 2332 1302 fieri?

602 1359 680 1400 Sed
710 1359 751 1399 in
779 1358 1049 1412 descriptione
1080 1358 1259 1400 trochaei
1296 1361 1543 1413 requirimus
1571 1360 1672 1405 hoc,
1717 1369 1762 1401 ut
1799 1361 1959 1415 legatur
1993 1367 2105 1401 totus
2140 1361 2252 1401 locus
2280 1384 2332 1391 —-

598 1471 791 1517 trochaeo,
822 1471 977 1522 ideoque
1001 1470 1099 1522 quod
1126 1470 1225 1510 alter
1253 1496 1304 1503 -—
1321 1504 1330 1518 ‚
1359 1473 1459 1513 alter
1486 1487 1505 1512 e
1535 1472 1657 1524 lonyis
1680 1477 1714 1512 et
1748 1472 1917 1513 brevibus
1947 1472 2107 1512 alternis
2123 1504 2132 1518 ‚
2162 1473 2248 1524 fieri
2274 1474 2330 1513 al-

598 1588 719 1622 teram
748 1609 801 1616 -
817 1615 825 1623 .

651 1695 684 1747 5
712 1695 800 1734 192.
862 1694 968 1740 Quod
997 1694 1105 1745 tonqe
1133 1693 1336 1734 Aristoteli
1359 1695 1505 1735 videtur
1532 1708 1646 1736 secas,
1705 1695 1802 1734 Tota
1826 1694 2048 1747 disputatio
2076 1695 2210 1747 arguit
2239 1709 2329 1734 con·

598 1806 767 1846 trarium
797 1805 975 1858 requiri,
1008 1813 1054 1846 ut
1082 1804 1301 1859 legendum
1331 1805 1383 1846 sit
1411 1806 1508 1857 quod
1538 1805 1643 1847 haud
1667 1805 1776 1857 lonye
1802 1826 1879 1845 -—-.

651 1917 682 1969 §
712 1918 800 1956 195.
858 1915 943 1968 Eyo
970 1922 1095 1955 autem
1129 1918 1247 1956 sentio
1274 1939 1351 1955 —.
1382 1917 1491 1962 Imo,
1521 1929 1673 1962 censeo,
1713 1891 1759 1955 iit
1798 1916 1891 1955 alibi
1934 1916 2101 1954 correxi.
2158 1915 2328 1959 Contra,

598 2029 628 2082 ἓ
654 2031 729 2069 197
747 2060 756 2074 ,
785 2028 953 2069 iucunda
979 2028 1051 2069 sibl
1078 2034 1251 2075 censent,
1280 2028 1524 2070 mutandum
1554 2029 1595 2069 in
1623 2028 1800 2070 sentiunt.

650 2141 750 2180 lbid.
810 2141 907 2187 Quia
935 2153 1002 2179 nec
1027 2154 1229 2181 numerosa
1257 2165 1328 2182 —.
1371 2142 1653 2181 Abiiciendum
1676 2142 1776 2193 quia.

651 2252 750 2292 lbid.
808 2251 990 2291 Alterum
1026 2251 1139 2291 nimis
1174 2252 1397 2293 dissolutum
1424 2275 1501 2293 —.
1530 2251 1583 2293 Ut
1612 2253 1652 2292 in
1682 2252 1794 2298 aliis,
1837 2251 1891 2292 sic
1928 2251 1967 2290 in
1997 2251 2073 2291 hoc
2115 2251 2328 2303 aliquoties

597 2371 804 2416 peccatur,
844 2376 923 2403 non
964 2371 1122 2404 servato
1161 2363 1392 2404 discrimine
1435 2365 1541 2404 inter
1579 2364 1747 2417 simplex
1776 2370 1817 2403 et
1845 2361 2122 2414 compositum.
2177 2361 2326 2403 Rectis-

598 2480 696 2516 sime
725 2477 936 2516 dicebatur
964 2476 1101 2530 §1553
1130 2489 1245 2528 quum
1273 2477 1407 2516 demtis
1434 2476 1756 2515 coniunctionibus
1782 2475 1960 2515 dissolute
1986 2477 2103 2528 plura
2122 2476 2299 2515 dicuntur
2315 2491 2327 2513 .·

596 2601 689 2628 nam
719 2588 930 2642 oportebat
954 2601 1000 2628 ea
1030 2590 1184 2642 copulis
1213 2590 1430 2643 coniungi,
1460 2597 1523 2636 et,
1553 2589 1661 2640 quod
1693 2601 1819 2627 unum
1848 2597 1889 2627 et
1919 2589 2099 2628 vinctum
2128 2597 2241 2632 erat,
2271 2590 2325 2626 sic

594 2699 903 2741 dissolvebatur.
959 2700 1111 2742 Eodem
1140 2699 1259 2741 modo
1293 2699 1325 2753 §
1349 2701 1438 2742 25⁶2.
1482 2700 1515 2741 si
1542 2728 1594 2734 -
1624 2698 1713 2741 bene
1736 2703 1917 2742 structam
1949 2699 2229 2742 collocationem
2251 2699 2326 2740 dis-

513 2801 526 2820 ⁰
595 2812 736 2857 solvas,
766 2819 807 2852 et
836 2812 868 2865 ᾖ
891 2813 980 2851 255.
1025 2824 1138 2863 quum
1162 2813 1238 2851 sint
1266 2824 1313 2851 εει)
1340 2812 1440 2863 aptis
1467 2812 1661 2853 dissoluta.
1718 2812 1820 2852 Tum
1849 2813 1979 2864 ipsum
2008 2813 2231 2852 dissolutum
2258 2825 2326 2863 pci-

596 2937 637 2964 se
677 2924 719 2964 in
757 2924 856 2965 vitio
893 2925 1056 2977 ponitur
1098 2923 1128 2977 §
1155 2924 1242 2964 198.
1300 2922 1377 2964 Sed
1409 2932 1450 2965 et
1484 2923 1522 2966 h.
1552 2925 1577 2967 l.
1609 2923 1893 2977 corrigendum
1922 2923 2035 2964 nimis
2067 2923 2247 2971 solutum,
2286 2931 2326 2963 et
