2767 3789
461 566 527 609 uti
559 565 697 616 solet,
746 571 790 610 et
820 564 1209 638 unde'proiectum
1251 570 1318 610 est
1348 563 1667 627 nobilissimum
1696 564 1837 623 illud,
1844 569 2038 628 stilum
2067 571 2175 630 opti-
2204 541 2211 549 Ἀ

460 697 583 730 mum
615 697 709 730 esse
740 684 913 731 dicendi
941 685 1232 746 magistrum,
1282 698 1368 731 non
1400 686 1540 746 magis
1580 643 1846 746 pertinebaf
1852 685 1909 732 ad
1939 699 1991 735 ea
2019 689 2177 749 quibus

459 804 735 875 potissime
775 811 954 878 ornatus
996 768 1204 849 orationis
1245 805 1462 851 contineri
1499 804 1721 858 creditur,
1769 811 1813 849 et
1849 804 1905 850 ad
1940 818 2036 851 eam
2067 791 2181 866 quae

458 924 634 983 propria
663 925 730 969 vis
759 923 1030 983 eloquentiae
1061 922 1274 977 babetur,
1306 936 1438 983 quam
1473 923 1527 969 ad
1560 925 1775 971 sermonis
1803 925 1904 985 puri
1937 930 1982 971 et
2008 924 2177 984 elegan-

460 1044 516 1085 tis
555 1041 808 1127 facultatem
824 1076 838 1093 ,
871 1056 984 1100 quae
1014 1055 1101 1088 non
1143 1043 1230 1088 nisi
1267 1042 1465 1088 interiori
1506 1042 1735 1088 literarum
1782 1044 1965 1091 scientia
2005 1043 2175 1088 nititur.

456 1160 549 1204 Non
579 1161 697 1207 enim
739 1160 950 1205 utendum
968 1195 981 1214 ,
1023 1161 1196 1220 inquit,
1230 1161 1487 1221 pravissima
1522 1160 1851 1207 consuetudinis
1890 1161 2041 1222 regula
2057 1195 2070 1215 ,
2101 1162 2176 1208 sed

457 1279 763 1337 expurgandus
793 1291 937 1325 sermo
955 1312 967 1330 ,
1010 1284 1054 1324 et
1096 1277 1367 1330 adhibenda,
1402 1284 1623 1338 tamquam
1655 1279 1864 1331 obrussa,
1895 1280 2035 1333 ratio,
2066 1293 2176 1339 quae

458 1400 622 1444 mutari
653 1396 750 1444 non'
770 1404 912 1459 potest
928 1399 990 1459 ⁸):
1023 1412 1158 1458 eoque
1202 1399 1376 1444 nomine
1407 1412 1511 1460 prae
1538 1399 1719 1458 reliquis
1747 1398 1896 1445 laudat
1922 1399 2146 1446 Caesarem
2164 1435 2176 1453 ,

458 1518 533 1574 qui
576 1518 790 1563 rationem
831 1517 1040 1563 adhibens
1080 1517 1438 1563 consuetudinem
1469 1513 1670 1584 vitiosam
1701 1524 1745 1567 et
1779 1523 2028 1576 corruptam
2069 1532 2178 1575 pura

459 1643 502 1682 et
542 1638 796 1696 incorrupta
832 1636 1145 1682 consuetudine
1182 1636 1431 1682 emendaret
1454 1636 1503 1695 ⁷).
1568 1637 1710 1695 Longe
1747 1637 1941 1697 plerique
1981 1649 2067 1682 non
2114 1637 2175 1682 illi

459 1756 634 1813 quidem
666 1755 1002 1800 contemnebant
1038 1754 1156 1798 illam
1188 1755 1395 1798 virtutem
1415 1788 1427 1804 ,
1460 1754 1534 1799 sed
1562 1768 1701 1811 neque
1742 1755 1836 1799 eius
1869 1754 1955 1799 ulla
1986 1755 2173 1813 discipli-

457 1888 512 1918 na
545 1874 893 1933 proponebatur,
937 1880 979 1918 et
1020 1873 1307 1918 domesticum
1345 1873 1667 1917 exercitationis
1707 1873 1896 1918 laborem
1937 1873 2176 1931 fugiebant.

457 1993 548 2037 Non
590 2007 693 2040 sane
736 1993 845 2038 nibil
889 1992 1037 2038 futuro
1074 1995 1236 2038 oratori
1271 1993 1324 2038 ad
1356 1992 1587 2037 dicendum
1630 1992 1911 2052 proficiebant
1949 1993 2173 2039 rhetorum

458 2113 656 2164 scholae,
705 2119 799 2156 tum
853 2113 994 2156 omnis
1039 2112 1110 2156 illa
1163 2113 1454 2157 transmarina
1508 2112 1724 2163 eruditio,
1778 2125 1912 2169 quum
1963 2112 2170 2170 paulatim

456 2246 651 2277 crescere
680 2234 842 2277 Romae
873 2233 1082 2290 coepisset
1113 2238 1156 2276 et
1187 2232 1379 2276 studium
1408 2232 1668 2276 Graecarum
1696 2231 1944 2282 literarum,
1975 2237 2018 2276 et
2042 2231 2171 2275 Grae·

455 2364 605 2396 corum
647 2350 871 2396 doctorum
914 2351 1178 2396 auctoritas:
1226 2351 1301 2396 sed
1340 2364 1449 2409 quae
1490 2352 1551 2395 sic
1594 2348 1974 2408 importabantur,
2020 2337 2168 2406 quam-

453 2482 583 2528 quam
615 2483 665 2514 eo
706 2469 896 2514 conferri
927 2470 1173 2529 oportebat..
1216 2470 1324 2515 nihil
1361 2476 1505 2515 tamen
1548 2469 1661 2528 apud
1706 2469 1931 2528 plerosque
1971 2468 2169 2513 valebant

449 2588 503 2633 ad
536 2602 780 2634 sermonem
812 2588 1015 2634 Latinum
1048 2589 1380 2648 elegantiorem,
1428 2595 1470 2634 et
1503 2589 1809 2647 copiosiorem,
1842 2594 1885 2632 et
1918 2587 2167 2646 pleniorem.

450 2709 660 2767 Perpauci
689 2714 839 2762 erant,
872 2708 1035 2754 literati
1072 2710 1146 2766 qui
1179 2709 1462 2760 dicebantur,
1495 2722 1679 2766 quorum
1710 2708 1924 2753 industria
1957 2713 1997 2751 et
2029 2707 2170 2764 omnis

494 2981 524 3027 ὃ)
551 2987 645 3020 Brut.
687 2980 719 3027 §.
752 2986 840 3020 258.
1109 2977 1138 3029 ⁷)
1166 2984 1252 3021 lhid.
1289 2978 1308 3024 §
1341 2985 1428 3019 260.
