2767 3789
1295 450 1353 489 50

457 599 628 642 inveniri
659 608 746 644 tum
775 601 955 655 potuisse
972 634 981 648 ,
1010 600 1077 642 eui
1105 600 1182 642 ista
1225 613 1308 642 non
1330 581 1601 643 ‘vehementer
1628 600 1909 657 probarentur.
1966 605 2099 650 Unum
2135 622 2196 650 ιτ·

457 714 590 756 stabat
622 727 801 763 novum,
843 727 965 769 quam
1008 715 1134 757 Bruto
1171 727 1334 757 causam
1361 694 1504 758 ¹fuisse
1543 717 1724 770 suspicor
1760 717 1928 771 rogandi
1962 718 2193 769 Ciceronis,

455 830 589 881 ipsum
620 828 832 882 artificium
870 827 1045 873 dicendi,
1089 829 1207 868 euius
1240 827 1551 880 explicationem
1586 829 1620 869 is
1655 829 1698 869 iu
1734 838 1978 884 postremam
2012 832 2192 887 disputa·

454 941 577 981 tionis
618 949 773 994 partem
809 939 975 985 reiecit·,
1018 937 1089 981 sed
1116 939 1175 980 ita
1212 939 1451 989 exornavit,
1493 947 1540 980 ut
1577 952 1626 981 eo
1663 941 1802 983 demto
1844 955 2041 984 summam
2079 945 2188 985 illam

454 1053 625 1093 oratoris
661 1053 826 1093 laudem
867 1060 1055 1092 constare
1091 1063 1174 1090 non
1210 1063 1326 1104 posse
1368 1051 1644 1116 contenderet.
1710 1053 1894 1095 Declarat
1937 1055 2012 1095 hoe
2051 1056 2189 1096 statim

454 1164 505 1204 ab
547 1165 663 1206 initio
685 1165 742 1218 ²):
784 1165 851 1205 sed
885 1164 983 1204 haec
1004 1162 1082 1204 nisi
1106 1162 1290 1204 collocata
1317 1169 1352 1204 et
1376 1163 1486 1217 quasi
1513 1168 1657 1232 structa
1683 1170 1716 1206 et
1742 1179 1845 1207 nexa
1882 1166 2003 1208 verbis
2030 1167 2081 1207 ad
2108 1180 2191 1208 eam

456 1276 606 1316 laudem
620 1307 630 1322 ,
658 1288 773 1329 quam
797 1275 968 1317 volumus
982 1306 993 1323 ,
1022 1275 1199 1329 aspirare
1224 1286 1302 1315 non
1323 1281 1494 1328 possunt.

508 1387 749 1442 Magnopere
786 1399 830 1429 se
867 1388 937 1428 illo
978 1387 1082 1428 libro
1113 1387 1307 1428 delectari
1344 1385 1455 1428 haud
1498 1388 1623 1428 semel
1654 1388 1833 1429 declarat
1860 1388 2023 1435 Cicero;
2054 1402 2187 1442 neque

454 1509 610 1540 tamen·
630 1508 797 1542 veretur
825 1483 1006 1554 profiteri
1045 1512 1088 1540 se
1124 1500 1241 1552 quasi
1282 1499 1533 1540 occasionem
1570 1500 1788 1551 quamdam
1817 1507 1859 1541 et
1875 1501 2091 1542 -licentium
2118 1514 2186 1542 na-

453 1621 566 1653 etum
595 1613 802 1665 scripsisse
832 1612 1028 1674 audacius
1049 1612 1092 1664 ὅ).
1148 1611 1234 1651 Non
1263 1611 1406 1665 ignoro
1435 1611 1602 1663 quidem
1629 1620 1877 1667 postremum
1907 1613 2017 1652 istud
2042 1614 2183 1654 referri

453 1734 639 1778 oportere
669 1725 718 1764 ad
750 1726 876 1778 ipsius
906 1726 1037 1778 operis
1066 1722 1300 1776 perficiendi
1325 1724 1632 1770 difficultatem
1661 1725 1732 1764 sed
1756 1725 1832 1764 hoe
1864 1735 2027 1777 quoque
2065 1727 2186 1765 multi

453 1837 602 1876 laboris
627 1844 671 1877 et
700 1837 917 1890 singularis
944 1834 1179 1888 diligentiae
1208 1843 1319 1884 erat,
1349 1847 1453 1887 quae
1480 1835 1619 1876 Graeci
1648 1836 1700 1876 de
1738 1835 1848 1876 vario
1890 1843 1932 1876 ct
1969 1835 2183 1887 multiplici

449 1959 597 1999 genere
634 1960 679 1987 ac
708 1949 860 1987 virtutae
887 1947 1049 1987 dicendi
1079 1947 1332 2000 scripsissent
1359 1947 1442 1992 ita,
1481 1954 1529 1986 ut
1565 1946 1812 1987 incredibilis
1850 1947 1898 1987 iis
1926 1953 2086 2000 praesto
2123 1959 2181 1986 es-

447 2068 509 2100 set
551 2061 663 2112 eopia
697 2031 894 2101 sermonis
921 2058 1214 2100 admirabiliter
1251 2059 1402 2099 exculti
1431 2067 1474 2099 et
1515 2060 1557 2099 in
1599 2071 1759 2099 omnem
1800 2032 1955 2111 partem
1996 2058 2181 2106 subacti,

447 2172 589 2213 eadem
628 2172 770 2214 Latine
801 2174 1009 2225 persequi,
1052 2171 1184 2213 verbis
1222 2178 1407 2212 utentem
1444 2182 1549 2224 quae
1584 2183 1692 2214 nunc
1720 2172 1896 2226 primum
1933 2182 1982 2212 eo
2013 2172 2180 2212 transse-

444 2285 568 2324 renda
598 2285 747 2337 istique
776 2284 962 2351 artifieio·
976 2292 1020 2324 et
1047 2283 1254 2324 doctrinae
1277 2283 1615 2324 accommodanda
1644 2291 1791 2325 essent.
1837 2282 1978 2336 ltaque
2007 2283 2180 2325 subinde

444 2396 593 2437 Graeca
624 2395 818 2437 vocabula
859 2407 1175 2436 commemorare
1212 2396 1340 2441 solet,
1376 2376 1503 2448 eaque
1532 2408 1613 2436 non
1647 2408 1754 2444 uno,
1792 2395 1862 2437 sed
1891 2395 2077 2449 pluribus
2105 2396 2177 2436 La-

445 2508 542 2547 tinis
580 2507 866 2560 interpretari,
910 2510 1016 2548 sicut
1043 2507 1140 2547 facit
1179 2507 1252 2547 ubi
1280 2509 1510 2557 σχημάτων,
1555 2514 1596 2546 et
1636 2507 1851 2558 περιόδου,
1893 2515 1940 2546 ut
1965 2508 2173 2560 complura

439 2620 515 2660 alia
544 2627 700 2662 taceam
717 2652 726 2669 ,
755 2620 910 2662 mentio
938 2619 1119 2661 facienda
1151 2626 1239 2660 est:
1280 2618 1366 2658 fieri
1389 2618 1499 2659 enim
1528 2629 1643 2672 posse
1672 2617 1896 2668 sentiebat,
1927 2626 1994 2666 ut,
2023 2619 2179 2673 quibus

487 2897 521 2941 ¹)
566 2895 585 2938 ὦ
620 2902 706 2935 140.

488 2967 519 3017 ³)
556 2973 651 3007 eons.
681 2975 722 3007 ad
750 2975 821 3008 niv.
847 2975 903 3008 vi.
936 2975 996 3013 18,
1025 2975 1060 3007 4.
1104 2973 1175 3006 λιι.
1205 2957 1263 3007 17.
1296 2973 1329 3005 2.
1375 2972 1443 3004 xv.
1471 2972 1530 3004 20.
1565 2972 1596 3003 1.
