2767 3789
1419 438 1476 481 64

557 591 609 632 ad
650 588 912 631 tractationem
946 588 1154 642 pertinent
1193 600 1241 629 ea
1264 601 1387 642 -quae
1427 581 1538 630 nunc
1583 594 1817 642 sequuntur
1848 588 1902 630 de
1941 590 2109 632 miserti
2142 599 2293 645 genem

559 696 800 754 quaestione,
827 709 871 743 et
893 677 949 743 de
977 700 1273 755 amplificatione
1288 703 1312 742 Ρ
1364 701 1494 744 Multo
1521 702 1694 755 aequius
1719 707 1792 743 est⁴
1809 708 1859 743 ut
1895 703 2149 756 suspicemur
2182 703 2291 748 istis,

561 782 665 865 quae
704 814 749 853 in
780 815 1021 856 tractatione
1052 813 1104 854 de
1135 814 1256 855 variis
1292 813 1489 854 sermonis
1520 813 1741 866 generibus
1771 813 1881 854 dicta
1911 820 2052 859 erant,
2081 814 2291 866 usque,ad

561 928 604 963 ut
626 935 767 964 causae
792 930 937 966 natura
964 929 1000 964 et
1024 925 1125 964 ratio
1153 924 1333 977 temporis
1354 923 1565 976 postulabit
1599 923 1632 978 S
1653 925 1757 973 125,
1787 925 1924 966 statim
1962 887 2142 965 subiecta
2169 924 2295 964 fuisse

562 1032 595 1087 §
620 1033 720 1084 128,
750 1034 825 1077 duo
852 1040 941 1076 sunt
967 1048 1064 1087 quae
1091 1035 1181 1075 bene
1208 1040 1374 1076 tractata
1400 1043 1476 1075 cet.
1505 1057 1560 1065 —
1585 1034 1619 1087 S
1642 1036 1742 1083 155,
1770 1035 1920 1086 quibus
1947 1043 2059 1075 totus
2085 1036 2145 1074 illi
2182 1035 2296 1073 locus

564 1146 616 1191 de
646 1148 889 1188 tractatione
917 1148 1152 1188 absolvitur.
1208 1148 1316 1194 Quid
1352 1149 1579 1189 necessario
1617 1148 1730 1199 sequi
1764 1147 1957 1200 oportet?
2001 1142 2064 1187 ‘Ut
2104 1146 2297 1192 orationis

527 1254 529 1256 ’
565 1258 692 1310 ipsius
719 1256 923 1298 ornandae
963 1264 1175 1311 praecepta
1217 1256 1378 1304 tradat,
1420 1258 1539 1299 cuius
1566 1220 1855 1311 disputationis
1890 1264 2121 1299 extremum
2154 1264 2218 1298 est
2245 1257 2295 1297 de

562 1368 806 1409 collocandis
834 1376 877 1409 et
906 1343 1113 1410 struendis
1144 1369 1278 1409 verbis
1313 1378 1357 1410 et
1394 1370 1445 1409 de
1478 1383 1651 1410 numero
1686 1371 1874 1422 oratorio.
1930 1370 2043 1409 Hanc
2075 1370 2203 1423 igitur
2240 1369 2299 1408 in·

563 1481 683 1522 choat
718 1480 879 1533 §wrm
923 1480 989 1521 sed
1015 1480 1105 1520 dam
1141 1481 1270 1532 foma
1305 1481 1390 1533 ipsa
1422 1485 1544 1522 restat
1571 1486 1607 1522 et
1634 1483 1833 1534 χαρακτήρ
1871 1464 1967 1527 ὶίὶο,
2005 1492 2087 1522 non
2128 1480 2299 1520 oratoris

563 1593 629 1644 (de
657 1605 740 1644 quo
769 1599 891 1644 supra
931 1591 1129 1643 dixerat),
1166 1593 1236 1632 sed
1265 1593 1473 1639 orationis,
1512 1601 1560 1633 ut
1587 1592 1899 1646 intelligendum
1927 1600 1990 1633 est
2017 1605 2069 1631 ex
2093 1592 2167 1637 iis,
2190 1583 2297 1642 >quae

566 1679 688 1744 niodo
717 1702 1036 1747 antecedebant,
1065 1701 1097 1755 §
1115 1703 1226 1746 455,
1257 1714 1302 1742 ea
1325 1703 1498 1754 profecto
1524 1702 1647 1742 oratio
1668 1715 1747 1742 -:
1788 1703 1830 1743 in
1865 1714 2035 1753 eamque
2063 1701 2302 1753 disputatio-

569 1829 660 1855 nem
689 1815 847 1854 confert
875 1814 1030 1854 lumina
1068 1821 1110 1853 et
1148 1821 1383 1853 ornamenta
1422 1821 1511 1854 tum
1547 1814 1763 1853 verborum
1783 1844 1793 1861 ‚
1831 1821 1920 1854 tum
1948 1813 1997 1866 (ὅ
2022 1812 2114 1864 156)
2143 1805 2301 1852 senten-

569 1927 738 1967 tiarum:
775 1925 1063 1976 concluditque
1099 1924 1210 1965 hunc
1247 1926 1381 1964 locum
1422 1924 1454 1976 S
1476 1926 1579 1972 139,
1620 1924 1757 1962 hocin
1782 1936 1920 1975 qenere
1956 1924 2023 1975 (sc.
2052 1932 2305 1963 ornamento-

569 2051 661 2077 rum
691 2050 795 2089 quae
821 2050 843 2076 a
871 2036 1513 2082 sententiarum·conformatione
1544 2042 1763 2088 petuntur,
1793 2042 1841 2075 ut
1868 2035 1970 2076 nihil
1998 2035 2082 2075 scre
2112 2034 2301 2075 enuncie-

573 2154 642 2186 tur
661 2149 984 2197 ἀσχημάτιστον)
1012 2148 1135 2188 omnis
1158 2147 1302 2187 eluceat
1328 2151 1472 2199 oportet
1485 2147 1719 2199 eloquentiae
1731 2147 1964 2200 maqm'tudo.
1993 2146 2109 2187 Nunc
2137 2147 2303 2187 demum

573 2268 849 2312 opportunum
879 2266 968 2299 erat
1006 2267 1053 2299 ut
1090 2268 1273 2300 moneret
1301 2273 1432 2313 genus
1468 2260 1580 2300 istud
1615 2261 1810 2307 ornandi,
1852 2273 2096 2313 quamquam
2132 2274 2160 2300 ει,
2191 2260 2303 2299 nullo

573 2373 659 2412 loco
696 2370 885 2416 excludi,
926 2378 1061 2412 tamen
1091 2372 1132 2411 in
1165 2371 1326 2412 duabus
1364 2372 1556 2412 orationis
1592 2372 1773 2425 partibus
1806 2372 2018 2425 praecipue
2053 2371 2304 2424 sequendum

573 2496 687 2523 esse:
720 2482 1032 2535 aptissimeque,
1070 2491 1116 2524 ut
1154 2496 1243 2524 mea
1273 2485 1407 2538 opinio
1449 2484 1553 2532 sert,
1595 2485 1864 2525 subiicientur
1896 2484 1995 2525 haec
2029 2483 2187 2538 §125,
2215 2496 2306 2523 nam

575 2607 693 2646 quum
721 2593 843 2638 omnis
875 2607 971 2646 pars
1008 2594 1190 2634 orationis
1218 2607 1296 2634 esse
1319 2594 1428 2635 ‘debet
1462 2595 1670 2636 laudabilis
1684 2628 1693 2641 ,
1732 2602 1812 2635 tum
1838 2601 1926 2636 sunt
1955 2597 2121 2637 maoeime
2148 2596 2305 2636 lumino-

576 2719 640 2747 sae
668 2711 703 2746 et
731 2707 843 2758 quasi
870 2712 1047 2748 actuosae
1080 2712 1210 2760 partes
1236 2708 1336 2750 duae
1363 2716 1439 2750 cet.
1469 2721 1598 2762 usque
1627 2708 1678 2749 ad
1719 2707 1751 2761 S
1778 2710 1856 2749 127
1871 2741 1880 2754 ,
1920 2720 2043 2761 paene
2074 2707 2225 2760 infinite
2265 2708 2305 2745 in

576 2818 804 2870 perorando.
863 2818 1021 2866 Quibus
1059 2819 1401 2860 absolutisrecte
1443 2809 1575 2874 pergit
1617 2819 1667 2860 nd
1697 2832 1768 2870 ea,
1807 2833 1911 2873 quae
1947 2820 2088 2875 §140
2116 2817 2215 2873 sqq(
2242 2832 2307 2859 ex-

577 2931 778 2982 plicantur
815 2931 866 2971 de
899 2932 1162 2973 collocatione
1200 2941 1242 2973 et
1281 2940 1487 2974 structura
1525 2933 1729 2974 orationis.
1786 2931 1792 2937 ’
1839 2949 1845 2958 ·
