2767 3789
1325 428 1353 469 9

485 576 754 641 erpo-‘fecte
791 577 978 639 ειιιήριὶ,ι
1021 578 1173 625 sedtin
1208 577 1280 623 ilio
1311 590 1470 654 genere
1502 576 1719 625 scribendi
1757 590 1843 625 una
1876 583 1970 626 erat
2009 578 2199 650 brevitas

484 710 528 750 et
556 702 757 761 diiigens'
775 712 924 746 rerum
958 697 1269 745 tradendarum
1309 697 1564 756 compositio
1581 709 1723 755 >quam
1756 704 2036 756 sequeretur,
2068 713 2198 758 quae-

484 836 568 882 que
605 822 806 872 deceret,
840 820 903 862 ita
941 823 993 861 ut
1031 817 1152 862 locus
1200 816 1345 862 nullus
1381 798 1494 861 esset
1526 829 1611 860 non
1644 820 1816 859 tantum
1848 829 2032 862 numero
2059 824 2199 863 orato·

483 944 575 995 rio,
621 939 696 987 sed
739 952 792 985 ne
835 921 983 997 copiae
1032 935 1207 994 quidem
1252 936 1563 986 et·varietati‚
1610 948 1741 994 quam
1769 935 1932 980 Cicero
1975 944 2196 995 genuerat.

484 1060 617 1108 Multo
648 1056 795 1117 plures
829 1056 994 1102 inventi
1041 1060 1145 1101 sunt
1174 1056 1249 1114 qui
1286 1054 1382 1100 inas
1424 1054 1547 1100 dotes
1587 1054 1809 1099 Tullianas
1853 1055 1920 1099 vel
1956 1061 2198 1100 contemne-

484 1187 611 1231 rent,
641 1177 707 1222 vel
736 1176 956 1221 fastidiose
986 1149 1379 1234 reprehenderent,
1412 1175 1457 1217 in
1489 1173 1647 1231 quibus
1684 1175 1791 1218 satis
1822 1179 1889 1218 est
1919 1187 2056 1219 unum
2090 1174 2199 1219 indi-

485 1311 584 1343 care
615 1297 813 1343 Asinium
838 1293 1094 1346 Pollionem,
1126 1306 1255 1352 quem
1290 1291 1452 1338 invidia
1482 1292 1628 1337 nescio
1650 1305 1762 1350 quae
1790 1292 1990 1351 perduxit
2026 1298 2074 1337 ut
2098 1292 2198 1337 Cae·

484 1419 593 1461 saris
620 1427 791 1474 quoque
831 1414 1164 1457 commentarios
1199 1412 1401 1456 omnibus
1438 1411 1578 1455 modis
1615 1411 1864 1463 vellicaret,
1907 1413 1951 1455 in
1993 1399 2197 1468 Cicerone

485 1540 631 1579 autem
675 1543 786 1588 quae
818 1530 925 1574 vitia
963 1529 1172 1575 orationis
1201 1529 1504 1587 perstrinxerit
1530 1529 1581 1588 ¹²)
1603 1560 1613 1580 ‚
1658 1530 1798 1587 magis
1829 1543 1982 1589 operae
2009 1534 2196 1590 pretium

484 1657 596 1696 esset
626 1651 739 1694 scire
754 1682 765 1700 ,
799 1650 836 1692 si
863 1650 954 1706 ipse
975 1648 1195 1705 aliquanto
1219 1649 1365 1691 minus
1387 1661 1412 1690 a
1436 1648 1579 1691 nitore
1604 1655 1647 1691 et
1671 1615 1941 1693 iucunditate
1968 1649 2198 1701 abfuisset,

490 1778 537 1815 ut
570 1765 861 1824 Quinctiliano
901 1766 1005 1812 adeo
1040 1766 1261 1812 videretur
1297 1764 1440 1811 seculo
1471 1765 1654 1823 prior¹³.
1718 1767 1774 1812 Et
1799 1768 1975 1812 omnino
2006 1770 2196 1828 complu·

485 1903 553 1933 res
584 1888 716 1932 fuisse
747 1892 934 1936 constat,
967 1892 1008 1929 et
1040 1887 1114 1943 qui
1148 1890 1415 1942 praesentem
1449 1886 1661 1929 incessere
1684 1885 1933 1929 Ciceronem
1966 1888 2193 1939 auderent,

478 2015 522 2051 et
554 2008 701 2064 quiin
745 2010 965 2048 mortuum
1008 2005 1154 2047 statim
1201 2004 1379 2047 liberius
1420 2004 1670 2048 invaderent
1691 2004 1767 2061 Η);
1818 2005 1870 2049 de
1912 2020 2097 2062 quorum
2134 2008 2195 2049 iu-

483 2124 609 2170 diciis
644 2121 995 2179 rationibusque,
1026 2133 1287 2180 quamquam
1317 2126 1508 2167 statuere
1544 2123 1665 2168 nobis
1691 2136 1775 2167 non
1806 2124 2082 2176 conceditur,
2119 2126 2198 2169 hoc

481 2251 625 2288 tamen
653 2242 863 2299 suspicari
890 2240 1016 2292 licet,
1045 2241 1191 2284 minus
1217 2242 1477 2298 pertinuisse
1496 2241 1598 2284 illas
1618 2242 1922 2299 castigationes
1950 2244 2002 2287 ad
2032 2258 2192 2288 sermo-

481 2363 547 2405 nis
581 2360 723 2405 Latini
763 2359 1019 2418 elegantiam
1050 2364 1093 2404 et
1123 2357 1391 2412 ubertatem,
1432 2373 1561 2417 quam
1597 2359 1649 2404 ad
1686 2361 1932 2417 artificium,
1958 2364 2194 2407 oratorium

478 2486 519 2525 et
552 2493 689 2537 genus
716 2479 886 2526 dicendi
920 2492 1004 2538 quo
1031 2481 1075 2525 in
1107 2481 1250 2524 causis
1274 2481 1338 2524 uti
1366 2489 1660 2540 consueverat.

541 2600 623 2644 Sed
667 2612 819 2643 novam
861 2599 978 2643 illam
1024 2599 1332 2658 praestantiam
1374 2602 1587 2643 sermonis
1627 2616 1711 2659 quo
1749 2604 1892 2645 minus
1931 2602 2003 2648 alii
2050 2610 2196 2660 postea

530 2885 574 2930 ¹²)
602 2890 819 2933 Quinctium.
848 2888 922 2921 ΧΗ.
951 2889 983 2921 1.
1015 2889 1075 2920 22.
1347 2879 1391 2930 ¹³)
1423 2888 1461 2921 x.
1494 2890 1526 2920 1.
1561 2890 1645 2923 113.

529 2975 576 3026 ¹⁴)
603 2981 686 3014 lbid.
717 2981 789 3014 ΧΠ.
821 2980 880 3012 10.
912 2980 958 3011 12
988 2990 1038 3021 sq.
