2767 3789
1330 463 1389 517 11)

487 631 651 675 Romae
680 629 1007 675 aemularentur
1023 663 1037 679 ‚
1079 633 1158 673 aut
1197 627 1328 673 etiam
1360 625 1623 687 probarent,
1656 625 1773 672 haud
1803 628 1898 673 scio
1935 642 1989 675 an
2032 625 2219 678 obfuerit

488 748 721 806 peculiaris
759 748 1036 806 ingeniorum
1077 746 1265 798 indoles;
1313 746 1474 806 quippe
1514 747 1591 805 qui
1624 751 1969 794 contemnerent
2011 741 2130 797 iliani
2172 742 2218 796 in

490 883 536 912 re
568 868 742 913 minuta
764 903 774 919 ,
819 873 870 912 ut
901 869 1010 927 ipsis
1041 867 1270 912 videbatur
1285 901 1298 920 ,
1340 866 1616 912 sedulitatem
1645 871 1692 912 et
1719 865 1942 925 aliquanto
1978 868 2218 915 molliorem

485 999 616 1044 quam
668 987 811 1030 virum
861 987 1102 1045 principem
1152 985 1336 1029 deceret.
1412 985 1700 1031 Goncedimus
1742 985 1919 1045 quidem
1963 987 2046 1046 ipsi
2099 987 2216 1031 Cice-

491 1105 586 1148 roni
615 1104 668 1162 u³)
714 1111 764 1148 ut
793 1104 1033 1162 glorietur,
1073 1118 1209 1163 quum
1260 1106 1454 1149 »ieiunas
1494 1104 1612 1149 illius
1642 1103 1900 1163 multiplicis
1941 1110 1986 1150 et
2021 1104 2220 1163 aequabi-

489 1222 617 1267 »liter
661 1223 705 1267 in
747 1223 893 1267 omnia
933 1235 1094 1280 genera
1137 1221 1257 1267 fusae
1303 1223 1511 1267 orationis
1555 1234 1685 1267 aures
1715 1222 1905 1267 civitatis
1948 1223 2217 1282 accepisset,

490 1341 709 1397 »primum
747 1353 792 1384 se
831 1339 885 1383 ad
928 1339 1060 1383 huius
1091 1341 1264 1394 generis
1301 1340 1505 1384 audiendi
1545 1339 1821 1385 incredibilia
1858 1340 2004 1385 studia
2044 1355 2219 1385 conver·

491 1459 687 1504 »tisse:’'
720 1457 795 1503 sed
829 1463 974 1504 tamen
1000 1457 1274 1504 offendebant
1310 1459 1494 1517 vestigia
1522 1459 1710 1505 Graecae
1739 1458 2022 1511 eruditionis,
2053 1473 2104 1505 ex
2136 1472 2222 1517 qua

497 1580 665 1623 novitas
705 1579 778 1622 illa
804 1584 901 1622 orta
942 1577 1183 1625 videbatur.
1249 1579 1329 1631 Et,
1358 1591 1624 1637 quamquam
1655 1591 1881 1623 assensum
1914 1577 2061 1637 populi
2100 1592 2226 1623 nemo

495 1699 725 1754 quisquam
760 1703 906 1740 orator
944 1695 1027 1739 fuit
1064 1698 1137 1754 qui
1180 1711 1264 1740 non
1302 1702 1547 1754 spectaret,
1581 1702 1727 1740 tamen
1768 1710 1908 1755 neque
1940 1702 2030 1741 tam
2067 1703 2225 1741 teretes

495 1821 620 1859 erant
659 1816 954 1860 Romanorum
998 1826 1153 1865 aureS‚
1200 1822 1249 1858 ut
1286 1814 1393 1858 nihil
1433 1814 1517 1859 nisi
1555 1820 1648 1858 arte
1688 1812 1928 1872 perfectum
1968 1814 2223 1872 probarent,

494 1942 536 1978 et
567 1947 666 1977 vere
699 1933 809 1977 dixit
848 1933 927 1976 hoc
968 1934 1057 1990 ipse
1091 1933 1239 1976 Cicero
1270 1933 1320 1991 1⁶)
1340 1967 1352 1984 ,
1401 1933 1583 1991 »vulgus
1615 1947 1639 1976 a
1661 1932 1879 2005 *mediocri
1914 1938 2084 1977 oratore
2116 1934 2226 1977 dele-

502 2054 669 2105 »εἰει-ἰ,
704 2060 774 2104 et,
818 2067 954 2111 quum
985 2067 1078 2096 esse
1112 2053 1268 2098 melius
1312 2067 1395 2096 non
1430 2053 1610 2104 sentiat,
1644 2052 1780 2104 illud,
1822 2052 1935 2110 quod
1965 2054 2050 2104 sit,
2084 2053 2226 2111 quale-

503 2187 717 2231 »cumque
758 2175 842 2224 sit,
876 2173 1105 2230 probare.’'
1172 2173 1280 2217 Hinc
1315 2172 1501 2229 proclive
1540 2172 1636 2216 aliis
1665 2171 1749 2216 suit
1780 2174 2002 2217 continere
2034 2187 2079 2217 se
2112 2174 2224 2216 intra

500 2294 781 2337 modestiores
815 2299 857 2336 et
891 2294 1029 2350 magis
1057 2299 1203 2336 curtos
1237 2300 1279 2337 et
1319 2293 1672 2350 circumscriptos
1706 2291 1813 2336 fines
1853 2293 2065 2336 sermonis
2111 2294 2227 2343 eius,

498 2428 581 2470 quo
611 2414 956 2468 anteassomani
987 2413 1052 2455 usi
1084 2418 1229 2455 erant:
1264 2412 1461 2469 quodque
1495 2413 1645 2469 paucis
1674 2411 1816 2455 verbis
1845 2411 2062 2456 Salustius
2095 2426 2226 2456 enun-

502 2534 633 2576 ciavit
649 2532 725 2590 ¹⁷),
762 2532 1003 2589 »optimum
1023 2545 1236 2590 quemque
1253 2531 1394 2576 facere
1413 2545 1540 2589 quam
1561 2531 1705 2576 dicere
1722 2531 1981 2585 maluisse‚’'
2009 2531 2229 2590 aliquanto

495 2665 601 2695 sane
633 2652 779 2694 verius
812 2656 907 2700 est,
943 2664 1070 2707 quam
1105 2651 1146 2694 id
1167 2687 1178 2701 ,
1223 2650 1336 2708 quod
1366 2651 1571 2709 perpauci
1609 2650 1694 2694 illis
1736 2651 2001 2710 temporibus
2033 2651 2227 2695 Ciceroni

554 2933 600 2984 ¹3)
630 2939 759 2970 Orator.
795 2933 813 2976 ᾗ
847 2938 931 2971 106.
1208 2933 1253 2982 lli)
1292 2939 1384 2970 Brut.
1428 2932 1445 2976 ᾗ
1478 2938 1563 2971 193.

553 3022 598 3073 ¹⁷)
629 3030 762 3061 Catum.
795 3028 886 3061 vlu.
922 3032 952 3060 5
