2767 3789
1318 418 1375 460 42

497 572 620 613 Attice
651 570 782 610 vehant
805 569 950 610 aiom.
979 593 1033 602 -
1059 568 1181 610 Nullo
1218 581 1341 611 sensu
1374 569 1415 610 h.
1446 569 1472 609 Ι.
1510 580 1733 621 pronomen
1771 570 1849 621 ipsi
1882 573 2073 623 ponitur,
2114 576 2228 628 quasi

498 693 579 722 non
619 679 901 722 desiderarent
936 692 1098 735 quoque
1130 681 1219 736 ipsi.
1273 678 1567 737 corrigendum
1600 687 1685 729 est,
1726 684 1794 723 aut
1827 679 1906 723 nisi
1939 681 2060 725 Aat'oe
2093 684 2230 727 nolint

497 794 633 834 dicere.
687 790 831 833 Paullo
858 792 962 833 infra
990 792 1142 834 dieitur
1155 823 1165 841 ,
1192 791 1284 845 quid
1310 793 1412 834 ean»
1441 793 1493 834 sit
1518 793 1683 835 micum
1696 824 1707 840 ‚
1734 792 1884 835 diseunt
1908 792 2229 849 eloquentiamque

497 906 620 958 ipsius
640 904 786 946 viribus
800 939 810 956 ‚
836 918 914 948 non
938 904 1304 947 imbecillitatem
1328 904 1546 948 metiantw.
1600 904 1776 948 Orellins
1807 905 1980 960 explieat
2011 905 2134 961 ipsius
2148 939 2158 955 ,
2187 907 2229 948 id

499 1031 588 1060 esse
603 1050 614 1068 ‚
642 1019 898 1072 eloquentiae
937 1017 1103 1059 viribus.
1159 1015 1239 1059 Sed
1272 1018 1329 1059 vis
1360 1017 1485 1059 tribui
1521 1024 1656 1071 potest
1697 1030 1794 1060 sane
1830 996 2109 1072 eloquentiae,
2146 1030 2227 1059 non
2265 1017 2269 1020 ’

500 1131 599 1170 item
626 1131 748 1177 vires,
793 1143 896 1184 quae
935 1137 1033 1169 sunt
1069 1129 1251 1170 oratoris.
1307 1129 1450 1184 Itaque
1485 1130 1617 1172 multo
1643 1129 1790 1173 melius
1821 1107 1978 1174 'Einsith
2016 1130 2148 1179 illius,
2186 1132 2227 1173 in

500 1252 580 1291 quo
608 1239 904 1281 Demosthenes
932 1238 1197 1291 intelligitur:
1226 1247 1269 1280 et
1296 1240 1516 1292 legendum
1544 1242 1648 1287 erit,
1670 1241 1721 1280 ab
1746 1241 1818 1280 hoe
1842 1241 2004 1282 diseunt.

552 1350 584 1402 ἓ
612 1352 676 1390 26.
732 1350 855 1390 Miror
891 1352 932 1390 in
969 1350 1032 1389 2‘1·
1062 1350 1262 1391 Orelliana
1295 1358 1525 1391 revocatam
1564 1363 1653 1392 esse
1680 1363 1844 1405 pravam
1878 1351 2095 1394 lectionem
2125 1352 2227 1394 hanc

500 1460 564 1512 (de
588 1458 862 1501 Demosthene
890 1474 961 1514 pro
974 1459 1270 1514 Ctesiphonte),
1295 1466 1381 1513 post
1406 1462 1547 1502 sensim
1564 1462 1771 1502 incendens
1782 1461 1950 1508 iudices,
1976 1467 2019 1507 ut
2044 1462 2138 1502 vidit
2163 1474 2226 1503 ar-

500 1560 640 1613 dentes.
669 1595 734 1612 -.
764 1572 808 1612 ln
837 1585 918 1625 quo
946 1575 1121 1626 primum
1149 1585 1230 1615 non
1258 1572 1584 1614 animadversum
1619 1580 1682 1614 est
1709 1585 1917 1627 perperam
1960 1575 2162 1627 segregari
2189 1580 2230 1615 ut

501 1683 595 1723 vidit
614 1685 815 1729 ardentes,
845 1685 1035 1735 quoniam
1064 1684 1163 1724 haec
1190 1685 1318 1724 forma
1345 1684 1590 1736 postularet,
1622 1691 1669 1724 ut
1696 1685 1738 1724 in
1766 1684 1910 1725 eodem
1933 1684 2091 1726 obiecto
2120 1685 2231 1738 (iudi-

504 1800 578 1846 ces)
600 1795 907 1836 continuaretur
922 1807 1094 1847 sequens
1109 1795 1264 1841 oratio:
1290 1795 1428 1847 itaque
1451 1793 1583 1834 multo
1610 1794 1757 1835 melius
1777 1795 1857 1835 diei
1873 1827 1882 1841 ,
1906 1794 2050 1835 iudices
2077 1800 2119 1835 ut
2141 1796 2234 1835 vidit

504 1907 705 1952 ardentes,
734 1907 777 1945 in
803 1906 962 1958 reliquis
987 1906 1197 1946 exsultavi-t.
1228 1877 1332 1947 lrum
1360 1905 1515 1946 attendi
1539 1906 1752 1958 oportebat
1779 1906 1979 1960 gradatim
2003 1906 2081 1946 ista
2108 1919 2233 1946 enun-

505 2019 622 2066 ciari,
651 2019 825 2073 primum
842 2025 888 2061 ut
905 2026 1040 2061 orator
1064 2019 1223 2061 dicatur
1242 2017 1486 2067 mmmmm,
1515 2024 1603 2060 tum
1614 2028 1791 2071 pressus,
1820 2023 1911 2071 post
1936 2016 2133 2065 incedere,
2159 2017 2183 2058 i.
2196 2031 2232 2059 e.

506 2138 642 2170 erecto
668 2131 786 2170 vultu
811 2139 852 2170 et
867 2144 959 2170 cum
983 2132 1123 2170 maiori
1145 2131 1293 2170 fiducia
1307 2131 1418 2182 loqui
1435 2160 1445 2175 ,
1474 2137 1677 2182 postremo
1706 2130 1899 2169 exsultare
1914 2144 1926 2167 :
1952 2131 1993 2168 in
2008 2142 2087 2180 qua
2109 2139 2233 2170 meta-

505 2242 628 2294 phora
646 2272 655 2287 ,
686 2241 807 2281 simili
842 2241 881 2280 in
922 2253 1041 2280 causa
1058 2272 1067 2286 ‚
1112 2240 1167 2282 De
1196 2240 1303 2283 Orat.
1325 2241 1373 2282 ΙΙ.
1403 2240 1436 2294 S
1456 2241 1535 2281 200
1563 2247 1605 2281 et
1632 2240 1711 2281 205
1728 2271 1738 2286 ,
1764 2240 1990 2286 consistere,
2018 2247 2061 2281 et
2088 2252 2236 2292 serpere

505 2352 646 2392 occulte
658 2352 864 2392 dicuntur.
895 2350 1045 2391 Contra'
1055 2383 1064 2400 ‚
1078 2352 1280 2391 incendere
1292 2351 1454 2392 iudicem
1466 2359 1576 2392 reete
1591 2351 1743 2392 dicitur
1757 2350 1814 2391 De
1829 2350 1937 2391 Orat.
1952 2350 1998 2391 11.
2014 2350 2047 2404 ὃ
2061 2353 2150 2391 188.
2166 2352 2234 2391 fin.

562 2465 659 2505 lbid.
718 2463 774 2504 De
804 2463 1022 2510 Aeschine,
1053 2464 1123 2516 qui
1157 2463 1418 2505 Demostheni
1448 2463 1536 2504 dira
1574 2462 1695 2504 verba
1724 2463 1964 2516 exprobrat,
2005 2462 2097 2515 quin
2124 2463 2238 2505 etiam

507 2576 656 2626 quaerit
682 2575 732 2615 ab
758 2576 840 2627 ipso
854 2607 863 2620 ,
894 2588 1010 2626 quum
1049 2576 1199 2627 quidem
1239 2589 1324 2616 eum
1366 2576 1514 2616 beluam
1541 2575 1733 2629 appellet,
1773 2580 1900 2615 utrum
1938 2576 2011 2616 illa
2048 2575 2159 2615 verba
2186 2588 2238 2615 an

502 2691 677 2739 portenta
713 2686 803 2731 sint.
833 2657 967 2728 'Nihil
1004 2687 1045 2728 in
1073 2686 1137 2728 his
1170 2686 1490 2741 reprehendam,
1528 2686 1627 2728 dum
1665 2686 1764 2728 mihi
1799 2686 1891 2739 quis
1926 2686 2099 2739 explicet
2137 2687 2235 2739 quid

508 2800 589 2837 huc
617 2800 817 2850 pertineat
852 2800 1026 2849 quidem,
1065 2807 1107 2837 et
1134 2812 1307 2851 sequens
1344 2800 1638 2841 coniunctivus.
1692 2798 1849 2840 Interea
1878 2799 2030 2839 suadeo
2059 2806 2105 2839 ut
2133 2801 2239 2853 lega·

509 2918 603 2952 tur.
634 2922 742 2963 quem
769 2911 861 2953 adeo
890 2910 1038 2955 beluam
1065 2911 1246 2964 appellat.
