2767 3789
652 4 661 12 a
737 0 860 25 ,·³zr'>1*‘55-‘⁷
896 13 901 17 .
942 0 1026 26 ’τὴν
1037 0 1563 26 ἔτηπᾞψῦῇῇβςεεὲωπγ“
1594 0 1605 4 ⁷

1061 976 1539 996 “Wx—

485 1380 527 1421 Si
553 1391 673 1421 causa
701 1377 935 1432 quaeritur,
964 1389 1062 1423 cur,
1090 1389 1218 1430 quum
1254 1376 1365 1418 haud
1395 1377 1452 1417 ita
1480 1376 1635 1430 pridem
1661 1384 1741 1417 tres
1779 1377 1868 1418 iilos
1901 1377 1957 1418 De
1986 1378 2151 1418 Oratore

433 1491 556 1531 libros
582 1488 942 1531 cicero-edidisset
958 1520 968 1537 ,
995 1488 1186 1541 peculiari
1215 1487 1420 1528 volumine
1448 1487 1674 1540 perrectum
1702 1486 1910 1528 Oratorem
1938 1488 2151 1529 informare

434 1602 681 1655 susceperit,
724 1614 850 1654 quum
877 1600 1112 1654 praesertim
1140 1601 1183 1641 in
1212 1599 1291 1640 illis
1316 1611 1464 1640 omnem
1499 1599 1741 1651 antiquorum
1768 1604 1802 1638 et
1829 1600 2083 1639 Aristoteliam
2123 1608 2155 1639 et

1318 1662 1343 1679 ι

434 1713 658 1755 Isocratiam
683 1712 869 1754 rationem
899 1713 1108 1753 oratoriam
1143 1711 1358 1763 complevus
1385 1717 1477 1751 esset
1505 1712 1570 1764 (ad
1603 1711 1689 1753 Div.
1715 1711 1743 1751 1.
1774 1713 1808 1752 9.
1838 1711 1924 1764 25),
1965 1714 2155 1752 maxime-

434 1840 513 1879 que
541 1786 584 1866 ixi
615 1826 791 1866 secundo
820 1832 861 1865 et
890 1826 1010 1866 tertio
1038 1825 1139 1865 libro
1167 1823 1269 1864 nihil
1296 1824 1519 1876 posuisset,
1547 1824 1624 1864 nisi
1653 1824 1762 1874 quod
1791 1824 1866 1876 ipsi
1894 1823 2152 1876 probaretur.

433 1950 514 1977 non
542 1921 640 1978 satis
676 1937 755 1978 erit
790 1936 1030 1990 respondere
1072 1942 1303 1988 susceptum
1338 1939 1438 1987 opus
1476 1946 1563 1975 esse
1592 1935 1717 1987 ipsius
1754 1935 1867 1975 Bruti
1896 1944 2066 1989 rogatu,
2105 1946 2153 1974 ut

433 2048 550 2089 initio
578 2049 703 2088 libelli
730 2026 787 2089 et·
806 2049 963 2101 saepius
995 2048 1225 2101 praedicat,
1256 2055 1344 2088 tum
1373 2046 1584 2087 confirmat
1622 2047 1672 2087 ad
1702 2047 1882 2088 Atticum
1920 2049 2151 2099 scribensll.

433 2159 594 2200 Orietur
635 2159 743 2200 enim
783 2159 885 2205 hoc,
928 2160 1026 2211 quid
1073 2159 1243 2199 Brutum
1285 2159 1518 2212 impulerit,
1561 2171 1687 2210 quum
1727 2159 1823 2198 satis
1876 2160 1911 2199 ei
1951 2168 2149 2199 constaret

433 2270 482 2311 de
511 2270 713 2313 Ciceronis
746 2271 947 2311 sententia
977 2283 1027 2311 ex
1056 2269 1282 2310 admirabili
1309 2271 1378 2311 illo
1415 2270 1595 2323 dialogo,
1624 2277 1671 2345 u·t
1700 2278 1832 2310 tamen
1867 2271 1915 2310 ab
1945 2286 1991 2311 eo
2023 2274 2152 2323 requi-

433 2389 540 2422 reret
580 2394 676 2433 quae
716 2388 810 2421 esset
850 2383 989 2434 optima
1029 2382 1168 2435 species
1204 2387 1239 2421 et
1278 2383 1386 2433 quasi
1425 2383 1553 2434 fiqura
1593 2382 1751 2422 dicendi.
1808 2383 1956 2434 Nempe
1999 2384 2150 2434 reliqua

432 2497 564 2535 omnia
606 2497 663 2538 ita
705 2496 957 2548 explicantur
998 2496 1039 2536 in
1082 2494 1566 2541 venustissimolibello,
1606 2502 1885 2549 praeterquam
1914 2497 2020 2548 quod
2056 2509 2151 2540 non-

433 2610 638 2651 nullorum
681 2620 914 2661 perversum
953 2607 1136 2648 imitandi
1173 2620 1301 2661 genus
1338 2607 1584 2661 castigatur,
1614 2616 1661 2650 ut
1689 2609 1870 2650 dubitem
1908 2622 2152 2660 quemquam

485 2812 514 2865 1)
555 2819 640 2851 XIV.
671 2818 731 2851 20.
763 2818 808 2850 3:
847 2819 932 2861 quin
966 2819 1096 2860 etiam,
1124 2828 1224 2861 quum
1251 2820 1366 2862 ipsius
1399 2819 1562 2862 precibus
1584 2829 1691 2862 paene
1733 2819 1899 2851 adductus
1940 2823 2153 2864 scripsissem

430 2895 476 2928 ad
504 2904 578 2927 eum
604 2891 644 2924 de
671 2892 796 2934 optimo
818 2901 940 2935 genere
967 2890 1126 2933 dicendi,
1168 2902 1233 2924 mm
1274 2891 1367 2925 modo
1392 2892 1483 2926 milti
1497 2917 1506 2933 ‚
1549 2892 1607 2925 sed
1635 2893 1740 2925 etiam
1778 2893 1845 2925 tibi
1873 2894 2041 2938 scripsit,
2084 2896 2155 2926 sibi

377 2992 379 2995 ⁴
433 2968 547 3007 illud,
576 2964 662 3009 quod
687 2964 778 2997 mihi
798 2963 978 3006 placeret,
1005 2974 1071 2997 aon
1091 2965 1245 3008 probari.
