2767 3789
1291 471 1347 511 19

462 626 649 676 bimaiti,
691 637 830 683 neque
876 624 992 668 intra
1034 625 1243 668 arctiores
1286 622 1526 669 disserendi
1576 624 1682 667 fines
1729 628 1771 666 et
1819 628 2178 681 argumentorum

459 753 621 804 puncta
651 746 980 794 contineamur,
1021 741 1164 786 danda
1194 744 1280 787 erit
1310 756 1439 800 opera
1468 748 1516 786 ut
1542 747 1586 785 et
1618 741 1734 786 facili
1766 748 1807 785 et
1842 745 1966 787 suavi
1997 749 2177 787 utamur

459 878 680 917 sermone,
712 865 757 908 in
787 877 875 922 quo
900 867 996 907 tum
1030 861 1258 907 verborum
1289 860 1486 913 delectu,
1520 867 1613 905 tum
1647 866 1748 919 apta
1775 861 2050 906 collocatione
2078 867 2174 906 tum

458 987 693 1030 incisorum
729 989 778 1029 et
806 982 1102 1028 membrorum
1141 982 1442 1027 vicissitudine
1464 1016 1474 1034 ,
1508 988 1603 1026 tum
1640 983 1857 1025 iustarum
1897 982 2171 1039 comprehen-

453 1106 624 1148 sionum
657 1103 865 1146 varietate
894 1102 955 1145 ita
991 1106 1290 1159 temperentur
1326 1107 1510 1153 cuncta,
1555 1107 1856 1158 ut·tamquam
1890 1084 2067 1157 sanguis
2099 1114 2173 1158 per

455 1229 593 1267 totum
623 1220 830 1265 orationis
860 1233 1018 1278 corpus
1057 1218 1181 1264 fusus
1227 1233 1318 1265 esse
1357 1219 1584 1270 videatur,
1635 1220 1773 1276 eique.
1798 1225 1841 1263 et
1877 1219 2011 1264 vitam
2041 1224 2084 1264 et
2114 1221 2171 1263 vi-

453 1355 522 1386 res
558 1347 604 1386 et
648 1340 847 1384 sanitatis
882 1340 1071 1398 speciem
1115 1351 1245 1397 quam
1290 1338 1760 1383 commendatissimam
1806 1338 2049 1383 conciliare.
2116 1339 2171 1382 Et

452 1458 660 1517 profecto,
692 1457 905 1515 quidquid
938 1472 990 1501 eo
1030 1459 1175 1502 animo
1205 1440 1520 1507 conscribitur,
1551 1470 1661 1513 opus
1689 1457 1745 1499 sit
1771 1462 1937 1512 oportet
1965 1458 2056 1501 suis
2089 1471 2166 1500 nu—

451 1577 582 1620 meris
618 1575 891 1626 absolutum,
922 1576 1049 1619 cuius
1080 1576 1344 1631 praestantia
1382 1587 1467 1617 non
1494 1579 1671 1618 „tantum
1703 1588 1727 1617 e
1763 1575 2033 1631 singularum
2073 1590 2165 1619 sen-

449 1696 684 1740 tentiarum
728 1693 794 1738 vel
830 1693 1030 1738 acumine
1061 1694 1126 1739 vel
1155 1694 1369 1751 gravitate
1408 1693 1690 1744 conficiatur,
1741 1693 1815 1737 sed
1855 1695 1898 1736 in
1940 1694 2094 1751 primis
2124 1695 2167 1737 in

447 1816 581 1859 totius
615 1821 834 1872 tamquam
867 1814 1058 1871 corporis
1086 1814 1228 1871 specie
1259 1819 1301 1857 et
1333 1811 1485 1857 habitu
1516 1819 1559 1858 et
1599 1813 1740 1857 colore
1773 1813 2163 1858 animadvertatur.

449 1936 557 1978 Huic
591 1934 762 1977 muneri
795 1946 920 1977 nemo
947 1932 1194 1977 satisfacere
1226 1933 1409 1991 poterit,
1444 1934 1529 1976 nisi
1559 1933 1632 1990 qui
1665 1939 1706 1979 et
1741 1903 1952 1977 sermonis
1987 1932 2161 1976 divitias

445 2051 719 2108 cognoverit,
762 2055 805 2094 et
850 2051 1055 2095 orationis
1098 2049 1317 2095 faciendae
1360 2050 1675 2108 variandaeque
1722 2063 1897 2112 sensum
1947 2055 1989 2095 et
2027 2051 2160 2095 artili—

443 2171 558 2214 cium
602 2167 779 2220 afferat,
820 2174 887 2220 et,
929 2169 1208 2226 quantumvis
1248 2168 1478 2213 elaboratis
1518 2169 1744 2228 partibus,
1791 2169 1975 2214 consecti
2022 2171 2162 2228 operis

443 2291 627 2345 speciem
664 2286 718 2329 ad
749 2290 981 2345 cogitatam
1014 2288 1202 2344 aliquam
1241 2302 1437 2331 normam
1468 2290 1674 2345 exegerit.
1742 2288 1904 2331 Omitto
1939 2289 2157 2331 annalium

441 2407 751 2452 confectionem
775 2443 785 2460 ,
821 2413 896 2452 aut
931 2406 1103 2451 brevem
1137 2406 1394 2464 placitorum
1433 2408 1771 2465 expositionem,
1808 2408 1850 2450 in
1886 2421 1968 2464 quo
2002 2421 2157 2464 genere

440 2527 565 2570 hodie
596 2528 849 2584 compendia
880 2532 923 2570 et
953 2526 1166 2569 breviaria
1197 2528 1411 2584 appellare
1438 2527 1653 2579 solemus,
1687 2528 1853 2584 aliaque
1894 2528 1934 2569 in
1976 2529 2156 2583 quibus,

440 2652 610 2701 praeter
637 2646 1013 2702 perspicuitatem,
1046 2645 1235 2689 brevitas
1268 2646 1455 2689 maxime
1488 2651 1532 2689 et
1570 2645 1814 2702 postulatur
1848 2652 1890 2689 et
1919 2645 2155 2698 laudatur,

437 2778 547 2820 quae
590 2764 762 2808 etiamsi
806 2763 927 2807 »laus
962 2770 1031 2808 est
1077 2765 1120 2807 in
1163 2764 1307 2822 aliqua
1348 2770 1469 2822 parte
1506 2764 1709 2813 dicendi,
1752 2765 1794 2806 in
1828 2766 2031 2808 universa
2074 2767 2155 2810 elo·

436 2884 640 2939 ”quentia
675 2881 846 2926 laudem
890 2897 972 2926 non
1017 2883 1187 2927 habet”
1237 2884 1338 2942 (Cic.
1383 2884 1501 2927 Brut.
1548 2883 1697 2942 §50):
1747 2896 1796 2926 ea
1843 2883 2065 2941 intelligo,
2112 2889 2151 2929 in

435 3002 593 3059 quibus
624 3002 876 3055 literarum,
917 3015 1029 3059 quae
1059 3016 1159 3048 vere
1189 3004 1252 3048 sic
1282 3003 1579 3062 appellentur,
1623 3002 1814 3061 dignitas
1857 3003 2151 3056 desideratur,

1859 3124 1914 3157 31-
