2767 3789
1258 389 1313 434 45

480 546 607 600 527.
661 544 791 596 Itaque
824 555 865 584 se
895 554 1071 596 purqans
1108 543 1256 586 iocatur
1281 543 1576 591 Demosthenen
1613 549 1728 597 neqat
1754 544 1796 585 in
1822 555 1864 584 eo
1896 544 2046 597 positas
2073 557 2148 584 esse

429 657 605 710 fortunas
644 653 845 704 Graeciae,
881 655 1032 722 hoctun
1064 654 1134 693 illo
1167 654 1276 694 verbo
1307 667 1398 694 usus
1427 655 1478 694 sit
1504 677 1582 694 —.
1611 655 1866 695 Probandum
1893 655 2146 708 supplemen-

429 778 515 809 tum
542 781 592 809 ex
620 765 843 809 Ambrosio.
898 762 979 805 Sed
1001 769 1190 817 peccatur
1212 775 1419 819 perperam
1446 763 1687 820 interpolato
1710 765 1833 806 verbo
1859 765 2016 809 iocamr.
2057 766 2146 808 Non

431 888 516 923 erat
542 881 619 921 hoe
645 878 791 925 iocari,
817 884 862 918 et
888 877 1022 931 ipsum
1048 876 1125 917 hoc
1161 877 1339 917 alienum
1366 873 1454 918 erat
1481 877 1532 917 ab
1558 878 1694 919 indole
1721 878 2013 920 Demosthenis.
2068 880 2143 933 Igi-

425 1002 493 1034 tur
520 1003 602 1033 una
629 986 934 1032 continuatione
961 987 1142 1041 legatur,
1170 988 1299 1041 itaque
1324 1001 1364 1029 se
1385 1000 1559 1042 put-qaus
1585 988 1851 1030 Demosthenes
1885 995 2010 1041 πυραὶ.

476 1105 509 1157 g
535 1104 600 1143 29.
655 1100 881 1167 Quaeritun
901 1099 1065 1139 omnino
1092 1098 1191 1150 quid
1228 1100 1283 1141 sit
1308 1100 1502 1141 Atticum.
1558 1100 1700 1141 Ornata
1739 1112 1823 1140 vero
1850 1105 1885 1139 et
1908 1100 2075 1152 yraviter
2111 1109 2143 1141 et

421 1213 565 1266 copiose
590 1210 716 1253 dicere
741 1214 810 1252 aut
834 1208 1045 1251 Atticorum
1067 1207 1115 1249 sit
1128 1241 1139 1256 ,
1167 1214 1235 1251 aut
1261 1222 1309 1252 ne
1334 1211 1384 1253 sit
1411 1212 1614 1253 Aeschines
1639 1223 1729 1252 neve
1754 1211 2021 1253 Demosthenes
2046 1214 2139 1253 Atti-

423 1337 498 1365 cus.
553 1320 917 1376 Apparet-requiri
945 1323 1014 1360 aut
1038 1320 1202 1362 Atticum
1228 1322 1287 1364 sit.

475 1433 507 1487 §
535 1434 600 1474 50.
654 1433 744 1480 Quo
771 1433 887 1477 iure,
916 1431 986 1483 qui
1010 1443 1051 1472 se
1089 1431 1348 1484 Thucydideos
1372 1445 1450 1474 esse
1475 1432 1719 1485 profitentur,
1747 1432 1933 1474 dicantur
1958 1444 2046 1474 esse
2073 1445 2136 1473 no-

421 1558 506 1585 vum
532 1543 721 1596 quoddam
754 1541 1016 1597 imperitorum
1041 1549 1076 1583 et
1107 1544 1322 1586 inauditum
1345 1556 1488 1597 yenus,
1531 1543 1689 1596 assequi
1725 1555 1805 1584 non
1845 1555 2029 1595 possum:
2065 1558 2138 1585 nee

419 1656 535 1696 facile
575 1655 805 1707 mihi.quis
839 1655 1090 1696 demonstret
1123 1628 1384 1709 imperitorum
1421 1668 1569 1709 genera
1609 1656 1762 1695 censeri
1805 1657 1933 1697 solere
1949 1688 1959 1702 ,
2002 1670 2137 1708 quain-

418 1779 538 1818 quam
562 1778 681 1819 supra
708 1765 816 1819 525.
847 1752 1070 1818 appellatur
1096 1777 1217 1804 sermo
1242 1765 1440 1818 imperitus
1466 1778 1662 1806 novorum
1691 1766 1943 1806 Atticorum:
1974 1768 2046 1807 sed
2070 1769 2137 1807 im-

412 1877 551 1928 periti,
589 1877 694 1918 sicut
735 1876 835 1916 infra
871 1875 904 1929 ἓ
930 1876 1020 1916 209.
1056 1883 1099 1916 et
1135 1875 1222 1916 Nat.
1251 1875 1365 1916 Deor.
1390 1875 1456 1916 III.
1495 1875 1527 1929 ᾖ
1551 1877 1613 1916 59.
1652 1889 1746 1917 cum
1773 1877 1883 1928 vulqo
1910 1878 2041 1918 solent
2068 1892 2131 1930 ap-

414 1989 563 2040 pellari.
620 1988 959 2027 Substituendum
986 1994 1110 2041 puto,
1138 1993 1342 2026 oratorum.

465 2096 497 2149 5
525 2097 587 2138 52.
650 2097 772 2145 Quum
794 2097 1022 2151 praesertim
1056 2096 1191 2149 suisset
1231 2096 1437 2140 honoratus
1474 2103 1508 2140 et
1544 2098 1691 2140 nobilis.
1750 2097 1870 2140 Miror
1912 2097 2132 2152 Madvigio‚

413 2210 499 2248 viro
527 2208 782 2252 acutissimo.
814 2221 902 2248 eam
930 2209 1054 2248 huius
1091 2211 1167 2249 loci
1196 2210 1352 2262 probari
1381 2210 1782 2262 interpretationem,
1812 2223 1861 2249 ex
1890 2224 1967 2261 qua
1995 2222 2131 2260 prope-

414 2317 580 2359 modum
608 2318 738 2360 dicam
766 2317 936 2360 ridicula
965 2320 1164 2361 sententia
1191 2318 1407 2373 affingatur
1442 2319 1633 2361 Ciceroni.
1689 2319 1786 2360 Nam
1824 2320 1865 2358 in
1908 2326 2041 2359 annot.
2081 2320 2131 2359 ad

413 2430 498 2470 Fin.
524 2431 571 2471 ΙΙ.
601 2431 710 2485 525.
738 2444 774 2484 p.
804 2432 893 2473 190.
922 2432 1215 2484 interpretatur
1234 2432 1312 2471 sic:
1344 2444 1445 2472 »nee
1474 2431 1748 2484 Thucydidis,
1776 2432 1956 2482 quamvis
1984 2432 2129 2470 suisset

412 2542 663 2583 »honoratus
700 2550 743 2583 et
771 2541 938 2592 nobilis,
975 2555 1120 2585 nomen
1149 2543 1199 2585 ad
1235 2549 1414 2597 posteros
1444 2550 1647 2591 exstaret,
1685 2544 1761 2585 nisi
1796 2542 2005 2599 historiam
2034 2544 2128 2582 scri-

415 2654 626 2707 »psisset.”
683 2653 869 2704 Etenim,
898 2656 931 2696 si
963 2667 1108 2695 nomen
1136 2656 1357 2709 cuiuspiam
1387 2663 1545 2694 exstare
1574 2656 1612 2694 h.
1637 2657 1664 2696 l.
1692 2665 1779 2694 tum
1804 2654 1971 2698 dicitur,
2003 2667 2130 2705 quum

413 2765 501 2804 eius
527 2766 630 2806 ratio
658 2764 832 2806 habetur
868 2766 910 2807 in
938 2766 1137 2808 rhetorica
1165 2766 1371 2819 disciplina
1388 2799 1397 2812 ‚
1435 2766 1492 2807 ita
1520 2774 1567 2807 ut
1595 2766 1692 2807 certi
1721 2765 1933 2806 cuiusdam
1969 2765 2128 2806 dicendi

412 2877 570 2929 generis
598 2878 816 2918 auctoritas
844 2890 894 2923 ex
923 2881 1011 2919 eius
1045 2880 1202 2932 scriptis
1230 2886 1414 2932 petatur,
1453 2879 1730 2930 interpretatio
1759 2879 1827 2917 illa
1855 2878 1932 2917 hoc
1960 2879 2126 2924 efficiat,

1831 2987 1884 3025 Gt
