<?xml version="1.0" encoding="UTF-8"?>
<!DOCTYPE html PUBLIC "-//W3C//DTD XHTML 1.0 Transitional//EN"
    "http://www.w3.org/TR/xhtml1/DTD/xhtml1-transitional.dtd">
<html xmlns="http://www.w3.org/1999/xhtml" xml:lang="en" lang="en">
 <head>
  <title>
</title>
<meta http-equiv="Content-Type" content="text/html;charset=utf-8" />
  <meta name='ocr-system' content='tesseract 3.04.00' />
  <meta name='ocr-capabilities' content='ocr_page ocr_carea ocr_par ocr_line ocrx_word'/>
</head>
<body>
  <div class='ocr_page' id='page_1' title='image "4777079_0058.png"; bbox 0 0 2767 3789; ppageno 0'>
   <div class='ocr_carea' id='block_1_1' title="bbox 1354 395 1411 437">
    <p class='ocr_par' dir='ltr' id='par_1_1' title="bbox 1354 395 1411 437">
     <span class='ocr_line' id='line_1_1' title="bbox 1354 395 1411 437; baseline 0 0"><span class='ocrx_word' id='word_1_1' title='bbox 1354 395 1411 437; x_wconf 78' lang='lat'><strong>46</strong></span> 
     </span>
    </p>
   </div>
   <div class='ocr_carea' id='block_1_2' title="bbox 507 515 2319 2842">
    <p class='ocr_par' dir='ltr' id='par_1_2' title="bbox 517 515 2319 1398">
     <span class='ocr_line' id='line_1_2' title="bbox 524 515 2254 605; baseline 0.003 -18"><span class='ocrx_word' id='word_1_2' title='bbox 524 548 626 601; x_wconf 66' lang='lat' dir='ltr'><strong>ampl,</strong></span> <span class='ocrx_word' id='word_1_3' title='bbox 654 547 731 600; x_wconf 90' lang='lat'><strong>-).</strong></span> <span class='ocrx_word' id='word_1_4' title='bbox 785 547 1018 588; x_wconf 68' lang='lat' dir='ltr'><strong>Necessario</strong></span> <span class='ocrx_word' id='word_1_5' title='bbox 1054 555 1191 588; x_wconf 73' lang='lat' dir='ltr'><strong>tamen</strong></span> <span class='ocrx_word' id='word_1_6' title='bbox 1221 547 1272 589; x_wconf 89' lang='lat' dir='ltr'><strong>de</strong></span> <span class='ocrx_word' id='word_1_7' title='bbox 1308 548 1478 601; x_wconf 80' lang='lat' dir='ltr'><strong>picturis</strong></span> <span class='ocrx_word' id='word_1_8' title='bbox 1515 555 1612 589; x_wconf 78' lang='lat' dir='ltr'><strong>sunt</strong></span> <span class='ocrx_word' id='word_1_9' title='bbox 1648 515 1880 603; x_wconf 72' lang='lat' dir='ltr'><strong>aecipienda</strong></span> <span class='ocrx_word' id='word_1_10' title='bbox 1894 582 1906 598; x_wconf 91' lang='lat'><em>,</em></span> <span class='ocrx_word' id='word_1_11' title='bbox 1947 551 2071 605; x_wconf 81' lang='lat' dir='ltr'><strong>idque</strong></span> <span class='ocrx_word' id='word_1_12' title='bbox 2106 552 2254 594; x_wconf 88' lang='lat' dir='ltr'><strong>melius</strong></span> 
     </span>
     <span class='ocr_line' id='line_1_3' title="bbox 517 658 2254 715; baseline 0.005 -16"><span class='ocrx_word' id='word_1_13' title='bbox 517 658 805 713; x_wconf 83' lang='lat' dir='ltr'><strong>intelligetur,</strong></span> <span class='ocrx_word' id='word_1_14' title='bbox 843 659 877 700; x_wconf 83' lang='lat' dir='ltr'><strong>si</strong></span> <span class='ocrx_word' id='word_1_15' title='bbox 906 659 1067 702; x_wconf 84' lang='lat' dir='ltr'><strong>duabus</strong></span> <span class='ocrx_word' id='word_1_16' title='bbox 1094 660 1225 702; x_wconf 85' lang='lat' dir='ltr'><strong>literis</strong></span> <span class='ocrx_word' id='word_1_17' title='bbox 1252 660 1410 702; x_wconf 76' lang='lat' dir='ltr'><strong>iteratis</strong></span> <span class='ocrx_word' id='word_1_18' title='bbox 1439 660 1495 702; x_wconf 82' lang='lat' dir='ltr'><strong>sie</strong></span> <span class='ocrx_word' id='word_1_19' title='bbox 1527 661 1734 715; x_wconf 83' lang='lat' dir='ltr'><strong>legemus:</strong></span> <span class='ocrx_word' id='word_1_20' title='bbox 1762 661 1805 702; x_wconf 77' lang='lat' dir='ltr'><strong>in</strong></span> <span class='ocrx_word' id='word_1_21' title='bbox 1827 661 1991 713; x_wconf 64' lang='lat' dir='ltr'><strong>picturis</strong></span> <span class='ocrx_word' id='word_1_22' title='bbox 2017 665 2054 705; x_wconf 72' lang='lat' dir='ltr'><strong>ai</strong></span> <span class='ocrx_word' id='word_1_23' title='bbox 2078 666 2176 707; x_wconf 72' lang='lat' dir='ltr'><strong>alios</strong></span> <span class='ocrx_word' id='word_1_24' title='bbox 2201 689 2254 695; x_wconf 96' lang='lat'><strong>—</strong></span> 
     </span>
     <span class='ocr_line' id='line_1_4' title="bbox 521 734 2253 829; baseline 0.004 -19"><span class='ocrx_word' id='word_1_25' title='bbox 521 770 734 818; x_wconf 74' lang='lat' dir='ltr'><strong>delectant,</strong></span> <span class='ocrx_word' id='word_1_26' title='bbox 773 774 865 824; x_wconf 76' lang='lat' dir='ltr'><strong>quid</strong></span> <span class='ocrx_word' id='word_1_27' title='bbox 900 778 954 812; x_wconf 70' lang='lat' dir='ltr'><strong>est</strong></span> <span class='ocrx_word' id='word_1_28' title='bbox 979 795 1034 802; x_wconf 97' lang='lat'><strong>—</strong></span> <span class='ocrx_word' id='word_1_29' title='bbox 1054 773 1175 825; x_wconf 78' lang='lat' dir='ltr'><strong>plura</strong></span> <span class='ocrx_word' id='word_1_30' title='bbox 1210 773 1322 813; x_wconf 80' lang='lat' dir='ltr'><strong>sint?</strong></span> <span class='ocrx_word' id='word_1_31' title='bbox 1377 734 1422 813; x_wconf 75' lang='lat' dir='ltr'><strong>In</strong></span> <span class='ocrx_word' id='word_1_32' title='bbox 1456 772 1655 825; x_wconf 81' lang='lat' dir='ltr'><strong>prioribus</strong></span> <span class='ocrx_word' id='word_1_33' title='bbox 1693 781 1806 815; x_wconf 83' lang='lat' dir='ltr'><strong>tanto</strong></span> <span class='ocrx_word' id='word_1_34' title='bbox 1842 773 1978 814; x_wconf 83' lang='lat' dir='ltr'><strong>minus</strong></span> <span class='ocrx_word' id='word_1_35' title='bbox 2011 777 2253 829; x_wconf 74' lang='lat' dir='ltr'><strong>negligenda</strong></span> 
     </span>
     <span class='ocr_line' id='line_1_5' title="bbox 524 882 2253 937; baseline 0.002 -15"><span class='ocrx_word' id='word_1_36' title='bbox 524 890 589 922; x_wconf 86' lang='lat' dir='ltr'><strong>est</strong></span> <span class='ocrx_word' id='word_1_37' title='bbox 616 882 809 936; x_wconf 74' lang='lat' dir='ltr'><strong>Madvigii</strong></span> <span class='ocrx_word' id='word_1_38' title='bbox 832 884 936 924; x_wconf 88' lang='lat' dir='ltr'><strong>ratio</strong></span> <span class='ocrx_word' id='word_1_39' title='bbox 963 884 1099 935; x_wconf 91' lang='lat' dir='ltr'><strong>(quam</strong></span> <span class='ocrx_word' id='word_1_40' title='bbox 1127 884 1302 936; x_wconf 82' lang='lat' dir='ltr'><strong>explieat</strong></span> <span class='ocrx_word' id='word_1_41' title='bbox 1328 885 1380 924; x_wconf 89' lang='lat' dir='ltr'><strong>ad</strong></span> <span class='ocrx_word' id='word_1_42' title='bbox 1419 883 1508 924; x_wconf 81' lang='lat' dir='ltr'><strong>Fin.</strong></span> <span class='ocrx_word' id='word_1_43' title='bbox 1534 883 1596 923; x_wconf 87' lang='lat' dir='ltr'><strong>lv.</strong></span> <span class='ocrx_word' id='word_1_44' title='bbox 1626 883 1659 937; x_wconf 63' lang='lat' dir='ltr'>S</span> <span class='ocrx_word' id='word_1_45' title='bbox 1680 886 1744 925; x_wconf 77' lang='lat'><strong>56.</strong></span> <span class='ocrx_word' id='word_1_46' title='bbox 1774 897 1810 936; x_wconf 88' lang='lat' dir='ltr'><strong>p.</strong></span> <span class='ocrx_word' id='word_1_47' title='bbox 1834 886 1950 933; x_wconf 73' lang='lat'>570),</span> <span class='ocrx_word' id='word_1_48' title='bbox 1993 886 2063 937; x_wconf 91' lang='lat' dir='ltr'><strong>qui</strong></span> <span class='ocrx_word' id='word_1_49' title='bbox 2091 886 2253 927; x_wconf 84' lang='lat' dir='ltr'><strong>eiicien-</strong></span> 
     </span>
     <span class='ocr_line' id='line_1_6' title="bbox 523 980 2319 1050; baseline 0.003 -16"><span class='ocrx_word' id='word_1_50' title='bbox 523 995 575 1034; x_wconf 88' lang='lat' dir='ltr'><strong>da</strong></span> <span class='ocrx_word' id='word_1_51' title='bbox 614 994 760 1035; x_wconf 79' lang='lat' dir='ltr'><strong>suadet</strong></span> <span class='ocrx_word' id='word_1_52' title='bbox 801 994 923 1035; x_wconf 83' lang='lat' dir='ltr'><strong>verba</strong></span> <span class='ocrx_word' id='word_1_53' title='bbox 965 994 1097 1036; x_wconf 80' lang='lat' dir='ltr'><strong>abdita</strong></span> <span class='ocrx_word' id='word_1_54' title='bbox 1134 1000 1193 1041; x_wconf 83' lang='lat' dir='ltr'><strong>et,</strong></span> <span class='ocrx_word' id='word_1_55' title='bbox 1236 994 1566 1047; x_wconf 77' lang='lat' dir='ltr'><strong>quandoquidem</strong></span> <span class='ocrx_word' id='word_1_56' title='bbox 1602 996 1736 1048; x_wconf 89' lang='lat' dir='ltr'><strong>ipsum</strong></span> <span class='ocrx_word' id='word_1_57' title='bbox 1776 1008 1936 1050; x_wconf 86' lang='lat' dir='ltr'><strong>quoque</strong></span> <span class='ocrx_word' id='word_1_58' title='bbox 1977 997 2079 1038; x_wconf 89' lang='lat' dir='ltr'><strong>illud</strong></span> <span class='ocrx_word' id='word_1_59' title='bbox 2119 998 2251 1039; x_wconf 75' lang='lat' dir='ltr'><strong>abdita</strong></span> <span class='ocrx_word' id='word_1_60' title='bbox 2317 980 2319 982; x_wconf 29' lang='grc'><strong>’</strong></span> 
     </span>
     <span class='ocr_line' id='line_1_7' title="bbox 523 1107 2249 1160; baseline 0.002 -13"><span class='ocrx_word' id='word_1_61' title='bbox 523 1107 817 1148; x_wconf 88' lang='lat' dir='ltr'><strong>alienissimum</strong></span> <span class='ocrx_word' id='word_1_62' title='bbox 845 1115 933 1148; x_wconf 88' lang='lat' dir='ltr'><strong>est:</strong></span> <span class='ocrx_word' id='word_1_63' title='bbox 960 1107 1191 1160; x_wconf 90' lang='lat' dir='ltr'><strong>postulatur</strong></span> <span class='ocrx_word' id='word_1_64' title='bbox 1217 1107 1370 1148; x_wconf 84' lang='lat' dir='ltr'><strong>scilieet</strong></span> <span class='ocrx_word' id='word_1_65' title='bbox 1398 1108 1440 1149; x_wconf 90' lang='lat' dir='ltr'><strong>in</strong></span> <span class='ocrx_word' id='word_1_66' title='bbox 1468 1108 1544 1151; x_wconf 89' lang='lat' dir='ltr'><strong>ista</strong></span> <span class='ocrx_word' id='word_1_67' title='bbox 1573 1108 1822 1160; x_wconf 86' lang='lat' dir='ltr'><strong>picturarum</strong></span> <span class='ocrx_word' id='word_1_68' title='bbox 1850 1109 2059 1150; x_wconf 84' lang='lat' dir='ltr'><strong>notatione</strong></span> <span class='ocrx_word' id='word_1_69' title='bbox 2087 1123 2249 1151; x_wconf 89' lang='lat' dir='ltr'><strong>enume-</strong></span> 
     </span>
     <span class='ocr_line' id='line_1_8' title="bbox 519 1218 2245 1274; baseline 0.003 -17"><span class='ocrx_word' id='word_1_70' title='bbox 519 1221 623 1258; x_wconf 86' lang='lat' dir='ltr'><strong>ratio</strong></span> <span class='ocrx_word' id='word_1_71' title='bbox 650 1231 791 1258; x_wconf 91' lang='lat' dir='ltr'><strong>eorum</strong></span> <span class='ocrx_word' id='word_1_72' title='bbox 807 1248 818 1263; x_wconf 92' lang='lat'><em>,</em></span> <span class='ocrx_word' id='word_1_73' title='bbox 846 1230 951 1270; x_wconf 90' lang='lat' dir='ltr'><strong>quae</strong></span> <span class='ocrx_word' id='word_1_74' title='bbox 986 1218 1183 1258; x_wconf 89' lang='lat' dir='ltr'><strong>hodierno</strong></span> <span class='ocrx_word' id='word_1_75' title='bbox 1210 1231 1323 1259; x_wconf 85' lang='lat' dir='ltr'><strong>more</strong></span> <span class='ocrx_word' id='word_1_76' title='bbox 1352 1220 1522 1271; x_wconf 87' lang='lat' dir='ltr'><strong>positiva</strong></span> <span class='ocrx_word' id='word_1_77' title='bbox 1559 1222 1805 1274; x_wconf 70' lang='lat' dir='ltr'><strong>appellamus</strong></span> <span class='ocrx_word' id='word_1_78' title='bbox 1821 1252 1831 1266; x_wconf 88' lang='lat'><em>,</em></span> <span class='ocrx_word' id='word_1_79' title='bbox 1859 1233 1963 1272; x_wconf 88' lang='lat' dir='ltr'><strong>quae</strong></span> <span class='ocrx_word' id='word_1_80' title='bbox 1988 1223 2100 1262; x_wconf 88' lang='lat' dir='ltr'><strong>cerni</strong></span> <span class='ocrx_word' id='word_1_81' title='bbox 2128 1224 2245 1265; x_wconf 85' lang='lat' dir='ltr'><strong>lieet:</strong></span> 
     </span>
     <span class='ocr_line' id='line_1_9' title="bbox 519 1330 1781 1398; baseline 0 -27"><span class='ocrx_word' id='word_1_82' title='bbox 519 1330 590 1371; x_wconf 91' lang='lat' dir='ltr'><strong>sed</strong></span> <span class='ocrx_word' id='word_1_83' title='bbox 618 1330 791 1372; x_wconf 78' lang='lat' dir='ltr'><strong>abditum</strong></span> <span class='ocrx_word' id='word_1_84' title='bbox 815 1330 1052 1384; x_wconf 86' lang='lat' dir='ltr'><strong>negativum</strong></span> <span class='ocrx_word' id='word_1_85' title='bbox 1079 1338 1142 1373; x_wconf 83' lang='lat' dir='ltr'><strong>est</strong></span> <span class='ocrx_word' id='word_1_86' title='bbox 1157 1363 1167 1377; x_wconf 89' lang='lat'><em>,</em></span> <span class='ocrx_word' id='word_1_87' title='bbox 1196 1342 1270 1371; x_wconf 87' lang='lat' dir='ltr'><strong>nee</strong></span> <span class='ocrx_word' id='word_1_88' title='bbox 1299 1343 1471 1383; x_wconf 89' lang='lat' dir='ltr'><strong>usquam</strong></span> <span class='ocrx_word' id='word_1_89' title='bbox 1497 1333 1608 1398; x_wconf 72' lang='lat' dir='ltr'><strong>cerni</strong></span> <span class='ocrx_word' id='word_1_90' title='bbox 1636 1339 1781 1385; x_wconf 85' lang='lat' dir='ltr'><strong>potest.</strong></span> 
     </span>
    </p>

    <p class='ocr_par' dir='ltr' id='par_1_3' title="bbox 518 1442 2247 1830">
     <span class='ocr_line' id='line_1_10' title="bbox 570 1442 2246 1497; baseline 0.002 -15"><span class='ocrx_word' id='word_1_91' title='bbox 570 1442 604 1495; x_wconf 64' lang='lat' dir='ltr'>S</span> <span class='ocrx_word' id='word_1_92' title='bbox 631 1444 696 1483; x_wconf 80' lang='lat'><strong>57.</strong></span> <span class='ocrx_word' id='word_1_93' title='bbox 756 1443 945 1490; x_wconf 76' lang='lat' dir='ltr'><strong>Quoniam</strong></span> <span class='ocrx_word' id='word_1_94' title='bbox 967 1442 1086 1494; x_wconf 76' lang='lat' dir='ltr'><strong>plura</strong></span> <span class='ocrx_word' id='word_1_95' title='bbox 1125 1447 1214 1482; x_wconf 78' lang='lat' dir='ltr'><strong>sunt</strong></span> <span class='ocrx_word' id='word_1_96' title='bbox 1254 1443 1469 1483; x_wconf 74' lang='lat' dir='ltr'><strong>orationum</strong></span> <span class='ocrx_word' id='word_1_97' title='bbox 1506 1455 1669 1494; x_wconf 69' lang='lat' dir='ltr'><strong>ymera,</strong></span> <span class='ocrx_word' id='word_1_98' title='bbox 1697 1465 1752 1473; x_wconf 97' lang='lat'><strong>—</strong></span> <span class='ocrx_word' id='word_1_99' title='bbox 1777 1455 1895 1493; x_wconf 77' lang='lat' dir='ltr'><strong>neque</strong></span> <span class='ocrx_word' id='word_1_100' title='bbox 1929 1444 1973 1482; x_wconf 76' lang='lat' dir='ltr'><strong>in</strong></span> <span class='ocrx_word' id='word_1_101' title='bbox 2010 1456 2128 1485; x_wconf 79' lang='lat' dir='ltr'><strong>unam</strong></span> <span class='ocrx_word' id='word_1_102' title='bbox 2167 1447 2246 1497; x_wconf 80' lang='lat' dir='ltr'><strong>for-</strong></span> 
     </span>
     <span class='ocr_line' id='line_1_11' title="bbox 518 1548 2247 1607; baseline 0.001 -12"><span class='ocrx_word' id='word_1_103' title='bbox 518 1566 623 1595; x_wconf 88' lang='lat' dir='ltr'><strong>mam</strong></span> <span class='ocrx_word' id='word_1_104' title='bbox 650 1555 794 1595; x_wconf 77' lang='lat' dir='ltr'><strong>cadunt</strong></span> <span class='ocrx_word' id='word_1_105' title='bbox 820 1554 950 1594; x_wconf 77' lang='lat' dir='ltr'><strong>omnia</strong></span> <span class='ocrx_word' id='word_1_106' title='bbox 964 1585 974 1599; x_wconf 91' lang='lat'><strong>,</strong></span> <span class='ocrx_word' id='word_1_107' title='bbox 1003 1554 1096 1594; x_wconf 89' lang='lat' dir='ltr'><strong>ideo</strong></span> <span class='ocrx_word' id='word_1_108' title='bbox 1123 1554 1237 1594; x_wconf 89' lang='lat' dir='ltr'><strong>addit</strong></span> <span class='ocrx_word' id='word_1_109' title='bbox 1253 1586 1263 1599; x_wconf 89' lang='lat'><em>‚</em></span> <span class='ocrx_word' id='word_1_110' title='bbox 1292 1553 1554 1594; x_wconf 69' lang='lat' dir='ltr'><strong>laudationum</strong></span> <span class='ocrx_word' id='word_1_111' title='bbox 1579 1561 1656 1595; x_wconf 88' lang='lat' dir='ltr'><strong>cet.</strong></span> <span class='ocrx_word' id='word_1_112' title='bbox 1681 1548 1988 1605; x_wconf 69' lang='lat' dir='ltr'><strong>reliquarumque</strong></span> <span class='ocrx_word' id='word_1_113' title='bbox 2012 1567 2143 1595; x_wconf 78' lang='lat' dir='ltr'><strong>rerum</strong></span> <span class='ocrx_word' id='word_1_114' title='bbox 2169 1559 2247 1607; x_wconf 78' lang='lat' dir='ltr'><strong>sor-</strong></span> 
     </span>
     <span class='ocr_line' id='line_1_12' title="bbox 522 1637 2246 1734; baseline 0.001 -27"><span class='ocrx_word' id='word_1_115' title='bbox 522 1679 625 1707; x_wconf 87' lang='lat' dir='ltr'><strong>mam</strong></span> <span class='ocrx_word' id='word_1_116' title='bbox 654 1689 707 1696; x_wconf 90' lang='lat'>—</span> <span class='ocrx_word' id='word_1_117' title='bbox 734 1678 810 1706; x_wconf 79' lang='lat' dir='ltr'><strong>nou</strong></span> <span class='ocrx_word' id='word_1_118' title='bbox 843 1666 1070 1727; x_wconf 82' lang='lat' dir='ltr'><strong>complectar</strong></span> <span class='ocrx_word' id='word_1_119' title='bbox 1098 1665 1168 1704; x_wconf 74' lang='lat' dir='ltr'><strong>hoc</strong></span> <span class='ocrx_word' id='word_1_120' title='bbox 1202 1670 1377 1716; x_wconf 79' lang='lat' dir='ltr'><strong>tempore.</strong></span> <span class='ocrx_word' id='word_1_121' title='bbox 1432 1664 1512 1705; x_wconf 87' lang='lat' dir='ltr'><strong>Sed</strong></span> <span class='ocrx_word' id='word_1_122' title='bbox 1550 1666 1732 1706; x_wconf 91' lang='lat' dir='ltr'><strong>omnium</strong></span> <span class='ocrx_word' id='word_1_123' title='bbox 1767 1637 1937 1706; x_wconf 80' lang='lat' dir='ltr'><strong>istarum</strong></span> <span class='ocrx_word' id='word_1_124' title='bbox 1976 1678 2057 1706; x_wconf 89' lang='lat' dir='ltr'><strong>non</strong></span> <span class='ocrx_word' id='word_1_125' title='bbox 2090 1676 2246 1734; x_wconf 71' lang='lat' dir='ltr'><strong>poterat</strong></span> 
     </span>
     <span class='ocr_line' id='line_1_13' title="bbox 522 1775 2030 1830; baseline 0 -13"><span class='ocrx_word' id='word_1_126' title='bbox 522 1791 599 1817; x_wconf 83' lang='lat' dir='ltr'><strong>una</strong></span> <span class='ocrx_word' id='word_1_127' title='bbox 628 1780 758 1818; x_wconf 81' lang='lat' dir='ltr'><strong>forma</strong></span> <span class='ocrx_word' id='word_1_128' title='bbox 780 1789 895 1817; x_wconf 81' lang='lat' dir='ltr'><strong>esse:</strong></span> <span class='ocrx_word' id='word_1_129' title='bbox 923 1778 1051 1830; x_wconf 89' lang='lat' dir='ltr'><strong>igitur</strong></span> <span class='ocrx_word' id='word_1_130' title='bbox 1072 1775 1359 1829; x_wconf 90' lang='lat' dir='ltr'><strong>corrigendum</strong></span> <span class='ocrx_word' id='word_1_131' title='bbox 1386 1776 1692 1828; x_wconf 74' lang='lat' dir='ltr'><strong>reliquarumque</strong></span> <span class='ocrx_word' id='word_1_132' title='bbox 1716 1788 1847 1816; x_wconf 76' lang='lat' dir='ltr'><strong>rerum</strong></span> <span class='ocrx_word' id='word_1_133' title='bbox 1872 1777 2030 1827; x_wconf 78' lang='lat' dir='ltr'><strong>formas.</strong></span> 
     </span>
    </p>

    <p class='ocr_par' dir='ltr' id='par_1_4' title="bbox 507 1888 2244 2842">
     <span class='ocr_line' id='line_1_14' title="bbox 571 1888 2244 1942; baseline 0 -13"><span class='ocrx_word' id='word_1_134' title='bbox 571 1890 604 1941; x_wconf 52' lang='grc' dir='ltr'>ᾗ</span> <span class='ocrx_word' id='word_1_135' title='bbox 631 1891 697 1931; x_wconf 73' lang='lat'><strong>42.</strong></span> <span class='ocrx_word' id='word_1_136' title='bbox 754 1889 810 1930; x_wconf 90' lang='lat' dir='ltr'><strong>De</strong></span> <span class='ocrx_word' id='word_1_137' title='bbox 851 1889 1066 1942; x_wconf 81' lang='lat' dir='ltr'><strong>epidictico</strong></span> <span class='ocrx_word' id='word_1_138' title='bbox 1094 1901 1243 1942; x_wconf 90' lang='lat' dir='ltr'><strong>genere</strong></span> <span class='ocrx_word' id='word_1_139' title='bbox 1283 1888 1479 1939; x_wconf 82' lang='lat' dir='ltr'><strong>loquens,</strong></span> <span class='ocrx_word' id='word_1_140' title='bbox 1518 1889 1691 1942; x_wconf 88' lang='lat' dir='ltr'><strong>appellat</strong></span> <span class='ocrx_word' id='word_1_141' title='bbox 1718 1889 1829 1929; x_wconf 81' lang='lat' dir='ltr'><strong>dulce</strong></span> <span class='ocrx_word' id='word_1_142' title='bbox 1855 1889 2039 1929; x_wconf 74' lang='lat' dir='ltr'><strong>orationis</strong></span> <span class='ocrx_word' id='word_1_143' title='bbox 2064 1903 2183 1942; x_wconf 72' lang='lat' dir='ltr'><strong>qenus</strong></span> <span class='ocrx_word' id='word_1_144' title='bbox 2211 1898 2244 1929; x_wconf 82' lang='lat' dir='ltr'><strong>e!</strong></span> 
     </span>
     <span class='ocr_line' id='line_1_15' title="bbox 517 2000 2244 2052; baseline 0 -11"><span class='ocrx_word' id='word_1_145' title='bbox 517 2003 682 2042; x_wconf 75' lang='lat' dir='ltr'><strong>solutum</strong></span> <span class='ocrx_word' id='word_1_146' title='bbox 707 2007 741 2042; x_wconf 81' lang='lat' dir='ltr'><strong>et</strong></span> <span class='ocrx_word' id='word_1_147' title='bbox 768 2001 953 2052; x_wconf 77' lang='lat' dir='ltr'><strong>effluens,</strong></span> <span class='ocrx_word' id='word_1_148' title='bbox 996 2000 1190 2041; x_wconf 79' lang='lat' dir='ltr'><strong>sententiis</strong></span> <span class='ocrx_word' id='word_1_149' title='bbox 1225 2005 1428 2051; x_wconf 73' lang='lat' dir='ltr'><strong>arqutum,</strong></span> <span class='ocrx_word' id='word_1_150' title='bbox 1464 2001 1585 2041; x_wconf 77' lang='lat' dir='ltr'><strong>verbis</strong></span> <span class='ocrx_word' id='word_1_151' title='bbox 1619 2012 1770 2041; x_wconf 77' lang='lat' dir='ltr'><strong>sonans.</strong></span> <span class='ocrx_word' id='word_1_152' title='bbox 1825 2001 1955 2048; x_wconf 86' lang='lat' dir='ltr'><strong>Quam</strong></span> <span class='ocrx_word' id='word_1_153' title='bbox 1992 2000 2154 2041; x_wconf 86' lang='lat' dir='ltr'><strong>difficile</strong></span> <span class='ocrx_word' id='word_1_154' title='bbox 2192 2004 2244 2042; x_wconf 87' lang='lat' dir='ltr'><strong>sit</strong></span> 
     </span>
     <span class='ocr_line' id='line_1_16' title="bbox 517 2112 2240 2166; baseline 0.001 -13"><span class='ocrx_word' id='word_1_155' title='bbox 517 2114 696 2154; x_wconf 89' lang='lat' dir='ltr'><strong>diversas</strong></span> <span class='ocrx_word' id='word_1_156' title='bbox 723 2113 917 2154; x_wconf 88' lang='lat' dir='ltr'><strong>orationis</strong></span> <span class='ocrx_word' id='word_1_157' title='bbox 943 2114 1093 2154; x_wconf 82' lang='lat' dir='ltr'><strong>formas</strong></span> <span class='ocrx_word' id='word_1_158' title='bbox 1133 2122 1175 2154; x_wconf 88' lang='lat' dir='ltr'><strong>et</strong></span> <span class='ocrx_word' id='word_1_159' title='bbox 1203 2116 1318 2166; x_wconf 88' lang='lat' dir='ltr'><strong>quasi</strong></span> <span class='ocrx_word' id='word_1_160' title='bbox 1346 2113 1599 2154; x_wconf 80' lang='lat' dir='ltr'><strong>characteres</strong></span> <span class='ocrx_word' id='word_1_161' title='bbox 1627 2112 1760 2153; x_wconf 90' lang='lat' dir='ltr'><strong>verbis</strong></span> <span class='ocrx_word' id='word_1_162' title='bbox 1786 2113 2007 2166; x_wconf 87' lang='lat' dir='ltr'><strong>explicare,</strong></span> <span class='ocrx_word' id='word_1_163' title='bbox 2045 2126 2125 2154; x_wconf 93' lang='lat' dir='ltr'><strong>non</strong></span> <span class='ocrx_word' id='word_1_164' title='bbox 2155 2123 2240 2155; x_wconf 88' lang='lat' dir='ltr'><strong>tan-</strong></span> 
     </span>
     <span class='ocr_line' id='line_1_17' title="bbox 514 2224 2241 2278; baseline 0 -13"><span class='ocrx_word' id='word_1_165' title='bbox 514 2233 603 2265; x_wconf 89' lang='lat' dir='ltr'><strong>tum</strong></span> <span class='ocrx_word' id='word_1_166' title='bbox 632 2226 728 2265; x_wconf 90' lang='lat' dir='ltr'><strong>inde</strong></span> <span class='ocrx_word' id='word_1_167' title='bbox 756 2225 1021 2278; x_wconf 84' lang='lat' dir='ltr'><strong>intelligitur,</strong></span> <span class='ocrx_word' id='word_1_168' title='bbox 1051 2225 1159 2277; x_wconf 90' lang='lat' dir='ltr'><strong>quod</strong></span> <span class='ocrx_word' id='word_1_169' title='bbox 1182 2225 1234 2265; x_wconf 87' lang='lat' dir='ltr'><strong>de</strong></span> <span class='ocrx_word' id='word_1_170' title='bbox 1258 2225 1401 2265; x_wconf 89' lang='lat' dir='ltr'><strong>eodem</strong></span> <span class='ocrx_word' id='word_1_171' title='bbox 1430 2237 1578 2277; x_wconf 82' lang='lat' dir='ltr'><strong>genere</strong></span> <span class='ocrx_word' id='word_1_172' title='bbox 1606 2225 1721 2276; x_wconf 87' lang='lat' dir='ltr'><strong>plura</strong></span> <span class='ocrx_word' id='word_1_173' title='bbox 1749 2225 1828 2264; x_wconf 87' lang='lat' dir='ltr'><strong>dici</strong></span> <span class='ocrx_word' id='word_1_174' title='bbox 1853 2224 2008 2270; x_wconf 79' lang='lat' dir='ltr'><strong>solent,</strong></span> <span class='ocrx_word' id='word_1_175' title='bbox 2039 2225 2108 2264; x_wconf 87' lang='lat' dir='ltr'><strong>sed</strong></span> <span class='ocrx_word' id='word_1_176' title='bbox 2132 2239 2241 2277; x_wconf 87' lang='lat' dir='ltr'><strong>prae-</strong></span> 
     </span>
     <span class='ocr_line' id='line_1_18' title="bbox 514 2335 2241 2390; baseline 0 -13"><span class='ocrx_word' id='word_1_177' title='bbox 514 2346 625 2377; x_wconf 87' lang='lat' dir='ltr'><strong>terea</strong></span> <span class='ocrx_word' id='word_1_178' title='bbox 654 2337 764 2389; x_wconf 92' lang='lat' dir='ltr'><strong>quod</strong></span> <span class='ocrx_word' id='word_1_179' title='bbox 794 2344 1045 2390; x_wconf 77' lang='lat' dir='ltr'><strong>usurpantur</strong></span> <span class='ocrx_word' id='word_1_180' title='bbox 1070 2336 1289 2376; x_wconf 86' lang='lat' dir='ltr'><strong>maximam</strong></span> <span class='ocrx_word' id='word_1_181' title='bbox 1317 2343 1471 2389; x_wconf 88' lang='lat' dir='ltr'><strong>partem</strong></span> <span class='ocrx_word' id='word_1_182' title='bbox 1501 2336 1669 2381; x_wconf 80' lang='lat' dir='ltr'><strong>tralata;</strong></span> <span class='ocrx_word' id='word_1_183' title='bbox 1699 2335 1822 2388; x_wconf 90' lang='lat' dir='ltr'><strong>idque</strong></span> <span class='ocrx_word' id='word_1_184' title='bbox 1860 2343 1940 2376; x_wconf 91' lang='lat' dir='ltr'><strong>tam</strong></span> <span class='ocrx_word' id='word_1_185' title='bbox 1969 2336 2076 2389; x_wconf 88' lang='lat' dir='ltr'><strong>apud</strong></span> <span class='ocrx_word' id='word_1_186' title='bbox 2109 2336 2241 2377; x_wconf 86' lang='lat' dir='ltr'><strong>rheto-</strong></span> 
     </span>
     <span class='ocr_line' id='line_1_19' title="bbox 508 2447 2239 2501; baseline -0.001 -12"><span class='ocrx_word' id='word_1_187' title='bbox 508 2462 572 2489; x_wconf 85' lang='lat' dir='ltr'><strong>res</strong></span> <span class='ocrx_word' id='word_1_188' title='bbox 615 2450 810 2495; x_wconf 82' lang='lat' dir='ltr'><strong>Graecos,</strong></span> <span class='ocrx_word' id='word_1_189' title='bbox 848 2461 970 2501; x_wconf 90' lang='lat' dir='ltr'><strong>quam</strong></span> <span class='ocrx_word' id='word_1_190' title='bbox 1012 2449 1119 2501; x_wconf 93' lang='lat' dir='ltr'><strong>apud</strong></span> <span class='ocrx_word' id='word_1_191' title='bbox 1155 2447 1322 2488; x_wconf 86' lang='lat' dir='ltr'><strong>Latinos</strong></span> <span class='ocrx_word' id='word_1_192' title='bbox 1353 2447 1684 2499; x_wconf 83' lang='lat' dir='ltr'><strong>deprehenditur.</strong></span> <span class='ocrx_word' id='word_1_193' title='bbox 1740 2447 1850 2487; x_wconf 86' lang='lat' dir='ltr'><strong>Talia</strong></span> <span class='ocrx_word' id='word_1_194' title='bbox 1886 2448 2084 2501; x_wconf 86' lang='lat' dir='ltr'><strong>explicare</strong></span> <span class='ocrx_word' id='word_1_195' title='bbox 2121 2461 2239 2488; x_wconf 86' lang='lat' dir='ltr'><strong>eona-</strong></span> 
     </span>
     <span class='ocr_line' id='line_1_20' title="bbox 508 2558 2238 2614; baseline -0.002 -12"><span class='ocrx_word' id='word_1_196' title='bbox 508 2570 577 2602; x_wconf 86' lang='lat' dir='ltr'><strong>tus</strong></span> <span class='ocrx_word' id='word_1_197' title='bbox 606 2571 694 2610; x_wconf 85' lang='lat' dir='ltr'><strong>est,</strong></span> <span class='ocrx_word' id='word_1_198' title='bbox 733 2568 781 2602; x_wconf 89' lang='lat' dir='ltr'><strong>ut</strong></span> <span class='ocrx_word' id='word_1_199' title='bbox 818 2560 1024 2614; x_wconf 84' lang='lat' dir='ltr'><strong>suspicor,</strong></span> <span class='ocrx_word' id='word_1_200' title='bbox 1062 2560 1284 2609; x_wconf 88' lang='lat' dir='ltr'><strong>Ernestus‚</strong></span> <span class='ocrx_word' id='word_1_201' title='bbox 1322 2559 1444 2601; x_wconf 90' lang='lat' dir='ltr'><strong>editis</strong></span> <span class='ocrx_word' id='word_1_202' title='bbox 1473 2558 1670 2613; x_wconf 86' lang='lat' dir='ltr'><strong>superiori</strong></span> <span class='ocrx_word' id='word_1_203' title='bbox 1710 2558 1846 2600; x_wconf 84' lang='lat' dir='ltr'><strong>seculo</strong></span> <span class='ocrx_word' id='word_1_204' title='bbox 1882 2558 2042 2601; x_wconf 89' lang='lat' dir='ltr'><strong>duobus</strong></span> <span class='ocrx_word' id='word_1_205' title='bbox 2079 2558 2238 2601; x_wconf 86' lang='lat' dir='ltr'><strong>Lexieis</strong></span> 
     </span>
     <span class='ocr_line' id='line_1_21' title="bbox 508 2672 2237 2729; baseline -0.001 -16"><span class='ocrx_word' id='word_1_206' title='bbox 508 2675 803 2729; x_wconf 83' lang='lat' dir='ltr'><strong>Technologiae</strong></span> <span class='ocrx_word' id='word_1_207' title='bbox 830 2674 1093 2718; x_wconf 81' lang='lat' dir='ltr'><strong>Rhetoricae:</strong></span> <span class='ocrx_word' id='word_1_208' title='bbox 1123 2674 1192 2725; x_wconf 92' lang='lat' dir='ltr'><strong>qui</strong></span> <span class='ocrx_word' id='word_1_209' title='bbox 1221 2675 1254 2713; x_wconf 91' lang='lat' dir='ltr'><strong>si</strong></span> <span class='ocrx_word' id='word_1_210' title='bbox 1283 2673 1392 2713; x_wconf 85' lang='lat' dir='ltr'><strong>hunc</strong></span> <span class='ocrx_word' id='word_1_211' title='bbox 1427 2674 1561 2713; x_wconf 86' lang='lat' dir='ltr'><strong>locum</strong></span> <span class='ocrx_word' id='word_1_212' title='bbox 1599 2673 1800 2727; x_wconf 86' lang='lat' dir='ltr'><strong>attigisset</strong></span> <span class='ocrx_word' id='word_1_213' title='bbox 1828 2672 1950 2724; x_wconf 87' lang='lat' dir='ltr'><strong>(nunc</strong></span> <span class='ocrx_word' id='word_1_214' title='bbox 1977 2672 2085 2712; x_wconf 90' lang='lat' dir='ltr'><strong>enim</strong></span> <span class='ocrx_word' id='word_1_215' title='bbox 2114 2672 2237 2712; x_wconf 88' lang='lat' dir='ltr'><strong>libros</strong></span> 
     </span>
     <span class='ocr_line' id='line_1_22' title="bbox 507 2784 2234 2842; baseline -0.001 -15"><span class='ocrx_word' id='word_1_216' title='bbox 507 2788 606 2828; x_wconf 91' lang='lat' dir='ltr'><strong>istos</strong></span> <span class='ocrx_word' id='word_1_217' title='bbox 634 2789 829 2842; x_wconf 85' lang='lat' dir='ltr'><strong>inspicere</strong></span> <span class='ocrx_word' id='word_1_218' title='bbox 858 2798 939 2827; x_wconf 91' lang='lat' dir='ltr'><strong>non</strong></span> <span class='ocrx_word' id='word_1_219' title='bbox 968 2786 1170 2840; x_wconf 85' lang='lat' dir='ltr'><strong>possum),</strong></span> <span class='ocrx_word' id='word_1_220' title='bbox 1200 2799 1280 2827; x_wconf 91' lang='lat' dir='ltr'><strong>non</strong></span> <span class='ocrx_word' id='word_1_221' title='bbox 1305 2793 1412 2826; x_wconf 90' lang='lat' dir='ltr'><strong>esset</strong></span> <span class='ocrx_word' id='word_1_222' title='bbox 1440 2786 1652 2839; x_wconf 86' lang='lat' dir='ltr'><strong>neglectus</strong></span> <span class='ocrx_word' id='word_1_223' title='bbox 1679 2785 1729 2825; x_wconf 90' lang='lat' dir='ltr'><strong>ab</strong></span> <span class='ocrx_word' id='word_1_224' title='bbox 1756 2784 2003 2826; x_wconf 88' lang='lat' dir='ltr'><strong>Editoribus.</strong></span> <span class='ocrx_word' id='word_1_225' title='bbox 2060 2785 2149 2832; x_wconf 92' lang='lat' dir='ltr'><strong>Quo</strong></span> <span class='ocrx_word' id='word_1_226' title='bbox 2179 2793 2234 2825; x_wconf 86' lang='lat' dir='ltr'><strong>ta-</strong></span> 
     </span>
    </p>
   </div>
   <div class='ocr_carea' id='block_1_3' title="bbox 503 2896 2231 2951">
    <p class='ocr_par' dir='ltr' id='par_1_5' title="bbox 503 2896 2231 2951">
     <span class='ocr_line' id='line_1_23' title="bbox 503 2896 2231 2951; baseline -0.002 -10"><span class='ocrx_word' id='word_1_227' title='bbox 503 2913 598 2941; x_wconf 89' lang='lat' dir='ltr'><strong>men</strong></span> <span class='ocrx_word' id='word_1_228' title='bbox 636 2900 756 2941; x_wconf 90' lang='lat' dir='ltr'><strong>modo</strong></span> <span class='ocrx_word' id='word_1_229' title='bbox 790 2898 1060 2945; x_wconf 83' lang='lat' dir='ltr'><strong>defendatur,</strong></span> <span class='ocrx_word' id='word_1_230' title='bbox 1104 2906 1149 2940; x_wconf 92' lang='lat' dir='ltr'><strong>ut</strong></span> <span class='ocrx_word' id='word_1_231' title='bbox 1186 2900 1316 2940; x_wconf 88' lang='lat' dir='ltr'><strong>oratio</strong></span> <span class='ocrx_word' id='word_1_232' title='bbox 1355 2898 1516 2939; x_wconf 85' lang='lat' dir='ltr'><strong>dicatur</strong></span> <span class='ocrx_word' id='word_1_233' title='bbox 1545 2898 1726 2950; x_wconf 78' lang='lat' dir='ltr'><strong>effluere,</strong></span> <span class='ocrx_word' id='word_1_234' title='bbox 1757 2898 1858 2938; x_wconf 86' lang='lat' dir='ltr'><strong>scire</strong></span> <span class='ocrx_word' id='word_1_235' title='bbox 1892 2896 2097 2951; x_wconf 89' lang='lat' dir='ltr'><strong>pervelim.</strong></span> <span class='ocrx_word' id='word_1_236' title='bbox 2154 2896 2231 2938; x_wconf 89' lang='lat' dir='ltr'><strong>Sed</strong></span> 
     </span>
    </p>
   </div>
  </div>
 </body>
</html>
