<?xml version="1.0" encoding="UTF-8"?>
<!DOCTYPE html PUBLIC "-//W3C//DTD XHTML 1.0 Transitional//EN"
    "http://www.w3.org/TR/xhtml1/DTD/xhtml1-transitional.dtd">
<html xmlns="http://www.w3.org/1999/xhtml" xml:lang="en" lang="en">
 <head>
  <title>
</title>
<meta http-equiv="Content-Type" content="text/html;charset=utf-8" />
  <meta name='ocr-system' content='tesseract 3.04.00' />
  <meta name='ocr-capabilities' content='ocr_page ocr_carea ocr_par ocr_line ocrx_word'/>
</head>
<body>
  <div class='ocr_page' id='page_1' title='image "4777079_0023.png"; bbox 0 0 2767 3789; ppageno 0'>
   <div class='ocr_carea' id='block_1_1' title="bbox 0 0 1944 221">
    <p class='ocr_par' dir='ltr' id='par_1_1' title="bbox 0 0 1944 221">
     <span class='ocr_line' id='line_1_1' title="bbox 0 0 1944 221; baseline 0 3568"><span class='ocrx_word' id='word_1_1' title='bbox 0 0 1944 221; x_wconf 95' lang='lat' dir='ltr'><strong> </strong></span> 
     </span>
    </p>
   </div>
   <div class='ocr_carea' id='block_1_2' title="bbox 1348 407 1399 448">
    <p class='ocr_par' dir='ltr' id='par_1_2' title="bbox 1348 407 1399 448">
     <span class='ocr_line' id='line_1_2' title="bbox 1348 407 1399 448; baseline 0 0"><span class='ocrx_word' id='word_1_2' title='bbox 1348 407 1399 448; x_wconf 87' lang='lat'><strong>11</strong></span> 
     </span>
    </p>
   </div>
   <div class='ocr_carea' id='block_1_3' title="bbox 466 525 2235 2633">
    <p class='ocr_par' dir='ltr' id='par_1_3' title="bbox 512 525 2235 861">
     <span class='ocr_line' id='line_1_3' title="bbox 512 525 2235 627; baseline -0.003 -18"><span class='ocrx_word' id='word_1_3' title='bbox 512 560 869 627; x_wconf 55' lang='lat' dir='ltr'><strong>concessissent,</strong></span> <span class='ocrx_word' id='word_1_4' title='bbox 893 555 1015 619; x_wconf 79' lang='lat' dir='ltr'><strong>»plus</strong></span> <span class='ocrx_word' id='word_1_5' title='bbox 1045 538 1246 607; x_wconf 80' lang='lat' dir='ltr'><strong>attulisse</strong></span> <span class='ocrx_word' id='word_1_6' title='bbox 1275 560 1432 620; x_wconf 87' lang='lat' dir='ltr'><strong>populo</strong></span> <span class='ocrx_word' id='word_1_7' title='bbox 1464 525 1656 604; x_wconf 84' lang='lat' dir='ltr'><strong>Romano</strong></span> <span class='ocrx_word' id='word_1_8' title='bbox 1682 558 1932 618; x_wconf 66' lang='lat' dir='ltr'><strong>dignitatis,</strong></span> <span class='ocrx_word' id='word_1_9' title='bbox 1965 560 2040 618; x_wconf 86' lang='lat' dir='ltr'><strong>qui</strong></span> <span class='ocrx_word' id='word_1_10' title='bbox 2071 570 2156 604; x_wconf 88' lang='lat' dir='ltr'><strong>non</strong></span> <span class='ocrx_word' id='word_1_11' title='bbox 2191 561 2235 603; x_wconf 90' lang='lat' dir='ltr'><strong>il-</strong></span> 
     </span>
     <span class='ocr_line' id='line_1_4' title="bbox 515 677 2233 738; baseline -0.001 -13"><span class='ocrx_word' id='word_1_12' title='bbox 515 682 785 726; x_wconf 84' lang='lat' dir='ltr'><strong>lustravisset</strong></span> <span class='ocrx_word' id='word_1_13' title='bbox 816 678 971 731; x_wconf 76' lang='lat' dir='ltr'><strong>modo,</strong></span> <span class='ocrx_word' id='word_1_14' title='bbox 1001 677 1092 730; x_wconf 63' lang='grc' dir='ltr'><strong>,δαὶ</strong></span> <span class='ocrx_word' id='word_1_15' title='bbox 1125 680 1256 724; x_wconf 84' lang='lat' dir='ltr'><strong>etiam</strong></span> <span class='ocrx_word' id='word_1_16' title='bbox 1284 679 1506 737; x_wconf 72' lang='lat' dir='ltr'><strong>genuisset</strong></span> <span class='ocrx_word' id='word_1_17' title='bbox 1534 679 1578 722; x_wconf 92' lang='lat' dir='ltr'><strong>in</strong></span> <span class='ocrx_word' id='word_1_18' title='bbox 1612 691 1661 723; x_wconf 91' lang='lat' dir='ltr'><strong>ea</strong></span> <span class='ocrx_word' id='word_1_19' title='bbox 1694 678 1801 724; x_wconf 87' lang='lat' dir='ltr'><strong>urbe</strong></span> <span class='ocrx_word' id='word_1_20' title='bbox 1831 678 2000 725; x_wconf 90' lang='lat' dir='ltr'><strong>dicendi</strong></span> <span class='ocrx_word' id='word_1_21' title='bbox 2039 681 2233 738; x_wconf 84' lang='lat' dir='ltr'><strong>copiam,</strong></span> 
     </span>
     <span class='ocr_line' id='line_1_5' title="bbox 514 796 1833 861; baseline -0.005 -14"><span class='ocrx_word' id='word_1_22' title='bbox 514 814 644 861; x_wconf 88' lang='lat' dir='ltr'><strong>quam</strong></span> <span class='ocrx_word' id='word_1_23' title='bbox 673 800 765 847; x_wconf 86' lang='lat' dir='ltr'><strong>illos</strong></span> <span class='ocrx_word' id='word_1_24' title='bbox 795 799 872 859; x_wconf 90' lang='lat' dir='ltr'><strong>qui</strong></span> <span class='ocrx_word' id='word_1_25' title='bbox 898 796 1111 856; x_wconf 82' lang='lat' dir='ltr'><strong>Ligurum</strong></span> <span class='ocrx_word' id='word_1_26' title='bbox 1144 796 1320 846; x_wconf 75' lang='lat' dir='ltr'><strong>castella</strong></span> <span class='ocrx_word' id='word_1_27' title='bbox 1351 798 1833 857; x_wconf 81' lang='lat' dir='ltr'><strong>expugnavissent¹⁸).”</strong></span> 
     </span>
    </p>

    <p class='ocr_par' dir='ltr' id='par_1_4' title="bbox 466 916 2228 2633">
     <span class='ocr_line' id='line_1_6' title="bbox 570 916 2227 982; baseline -0.001 -17"><span class='ocrx_word' id='word_1_28' title='bbox 570 922 710 979; x_wconf 78' lang='lat' dir='ltr'>Igitur</span> <span class='ocrx_word' id='word_1_29' title='bbox 739 919 954 965; x_wconf 83' lang='lat' dir='ltr'><strong>exstincto</strong></span> <span class='ocrx_word' id='word_1_30' title='bbox 985 916 1057 982; x_wconf 75' lang='lat' dir='ltr'><strong>illo</strong></span> <span class='ocrx_word' id='word_1_31' title='bbox 1082 916 1325 964; x_wconf 76' lang='lat' dir='ltr'><strong>concidisse</strong></span> <span class='ocrx_word' id='word_1_32' title='bbox 1358 931 1528 976; x_wconf 85' lang='lat' dir='ltr'><strong>quoque</strong></span> <span class='ocrx_word' id='word_1_33' title='bbox 1560 916 1900 962; x_wconf 81' lang='lat' dir='ltr'><strong>existimandum</strong></span> <span class='ocrx_word' id='word_1_34' title='bbox 1940 923 2006 962; x_wconf 88' lang='lat' dir='ltr'><strong>est</strong></span> <span class='ocrx_word' id='word_1_35' title='bbox 2034 919 2227 963; x_wconf 87' lang='lat' dir='ltr'><strong>studium</strong></span> 
     </span>
     <span class='ocr_line' id='line_1_7' title="bbox 509 1033 2228 1094; baseline -0.002 -10"><span class='ocrx_word' id='word_1_36' title='bbox 509 1039 686 1084; x_wconf 74' lang='lat' dir='ltr'><strong>Latinae</strong></span> <span class='ocrx_word' id='word_1_37' title='bbox 702 1036 909 1082; x_wconf 85' lang='lat' dir='ltr'><strong>orationis</strong></span> <span class='ocrx_word' id='word_1_38' title='bbox 935 1035 1260 1094; x_wconf 81' lang='lat' dir='ltr'><strong>locupletandae</strong></span> <span class='ocrx_word' id='word_1_39' title='bbox 1286 1035 1535 1093; x_wconf 89' lang='lat' dir='ltr'><strong>lautiusque</strong></span> <span class='ocrx_word' id='word_1_40' title='bbox 1556 1035 1843 1080; x_wconf 83' lang='lat' dir='ltr'><strong>exornandae.</strong></span> <span class='ocrx_word' id='word_1_41' title='bbox 1878 1033 2228 1093; x_wconf 86' lang='lat' dir='ltr'><strong>Quotusquisque</strong></span> 
     </span>
     <span class='ocr_line' id='line_1_8' title="bbox 507 1153 2225 1212; baseline -0.002 -12"><span class='ocrx_word' id='word_1_42' title='bbox 507 1158 623 1200; x_wconf 91' lang='lat' dir='ltr'><strong>enim</strong></span> <span class='ocrx_word' id='word_1_43' title='bbox 652 1168 828 1206; x_wconf 88' lang='lat' dir='ltr'><strong>eorum,</strong></span> <span class='ocrx_word' id='word_1_44' title='bbox 860 1154 936 1212; x_wconf 90' lang='lat' dir='ltr'><strong>qui</strong></span> <span class='ocrx_word' id='word_1_45' title='bbox 966 1160 1062 1212; x_wconf 85' lang='lat' dir='ltr'><strong>post</strong></span> <span class='ocrx_word' id='word_1_46' title='bbox 1099 1153 1354 1206; x_wconf 78' lang='lat' dir='ltr'><strong>ediderunt,&#39;</strong></span> <span class='ocrx_word' id='word_1_47' title='bbox 1385 1154 1451 1199; x_wconf 87' lang='lat' dir='ltr'><strong>vel</strong></span> <span class='ocrx_word' id='word_1_48' title='bbox 1479 1155 1706 1199; x_wconf 83' lang='lat' dir='ltr'><strong>minimam</strong></span> <span class='ocrx_word' id='word_1_49' title='bbox 1739 1159 1908 1212; x_wconf 91' lang='lat' dir='ltr'><strong>partem</strong></span> <span class='ocrx_word' id='word_1_50' title='bbox 1948 1154 2043 1198; x_wconf 87' lang='lat' dir='ltr'><strong>eius</strong></span> <span class='ocrx_word' id='word_1_51' title='bbox 2086 1155 2225 1198; x_wconf 87' lang='lat' dir='ltr'><strong>suavi—</strong></span> 
     </span>
     <span class='ocr_line' id='line_1_9' title="bbox 506 1270 2223 1323; baseline -0.002 -5"><span class='ocrx_word' id='word_1_52' title='bbox 506 1275 610 1318; x_wconf 89' lang='lat' dir='ltr'><strong>tatis</strong></span> <span class='ocrx_word' id='word_1_53' title='bbox 640 1280 684 1319; x_wconf 90' lang='lat' dir='ltr'><strong>et</strong></span> <span class='ocrx_word' id='word_1_54' title='bbox 714 1273 995 1323; x_wconf 85' lang='lat' dir='ltr'><strong>divitiarum,</strong></span> <span class='ocrx_word' id='word_1_55' title='bbox 1027 1286 1113 1317; x_wconf 92' lang='lat' dir='ltr'><strong>non</strong></span> <span class='ocrx_word' id='word_1_56' title='bbox 1144 1271 1241 1315; x_wconf 88' lang='lat' dir='ltr'><strong>dico</strong></span> <span class='ocrx_word' id='word_1_57' title='bbox 1274 1278 1528 1321; x_wconf 75' lang='lat' dir='ltr'><strong>assecutus,</strong></span> <span class='ocrx_word' id='word_1_58' title='bbox 1562 1271 1636 1314; x_wconf 89' lang='lat' dir='ltr'><strong>sed</strong></span> <span class='ocrx_word' id='word_1_59' title='bbox 1668 1276 1844 1314; x_wconf 87' lang='lat' dir='ltr'><strong>secutus</strong></span> <span class='ocrx_word' id='word_1_60' title='bbox 1876 1270 1976 1314; x_wconf 85' lang='lat' dir='ltr'><strong>est?</strong></span> <span class='ocrx_word' id='word_1_61' title='bbox 2040 1270 2133 1314; x_wconf 89' lang='lat' dir='ltr'><strong>Non</strong></span> <span class='ocrx_word' id='word_1_62' title='bbox 2166 1271 2223 1315; x_wconf 81' lang='lat' dir='ltr'><strong>lo-</strong></span> 
     </span>
     <span class='ocr_line' id='line_1_10' title="bbox 466 1353 2219 1450; baseline -0.001 -14"><span class='ocrx_word' id='word_1_63' title='bbox 466 1353 470 1357; x_wconf 94' lang='lat'>·</span> <span class='ocrx_word' id='word_1_64' title='bbox 504 1406 613 1450; x_wconf 90' lang='lat' dir='ltr'><strong>quor</strong></span> <span class='ocrx_word' id='word_1_65' title='bbox 644 1392 696 1436; x_wconf 92' lang='lat' dir='ltr'><strong>de</strong></span> <span class='ocrx_word' id='word_1_66' title='bbox 728 1390 943 1442; x_wconf 89' lang='lat' dir='ltr'><strong>Salustio,</strong></span> <span class='ocrx_word' id='word_1_67' title='bbox 987 1390 1147 1435; x_wconf 86' lang='lat' dir='ltr'><strong>veteris</strong></span> <span class='ocrx_word' id='word_1_68' title='bbox 1182 1389 1356 1434; x_wconf 86' lang='lat' dir='ltr'><strong>Catonis</strong></span> <span class='ocrx_word' id='word_1_69' title='bbox 1392 1365 1636 1439; x_wconf 82' lang='lat' dir='ltr'><strong>imitatore,</strong></span> <span class='ocrx_word' id='word_1_70' title='bbox 1683 1390 1756 1446; x_wconf 88' lang='lat' dir='ltr'><strong>qui</strong></span> <span class='ocrx_word' id='word_1_71' title='bbox 1791 1387 1865 1433; x_wconf 91' lang='lat' dir='ltr'><strong>ubi</strong></span> <span class='ocrx_word' id='word_1_72' title='bbox 1896 1388 2161 1434; x_wconf 82' lang='lat' dir='ltr'><strong>luculentam</strong></span> <span class='ocrx_word' id='word_1_73' title='bbox 2195 1404 2219 1434; x_wconf 90' lang='lat' dir='ltr'><strong>a</strong></span> 
     </span>
     <span class='ocr_line' id='line_1_11' title="bbox 502 1505 2216 1565; baseline -0.001 -10"><span class='ocrx_word' id='word_1_74' title='bbox 502 1513 706 1555; x_wconf 80' lang='lat' dir='ltr'><strong>Cicerone</strong></span> <span class='ocrx_word' id='word_1_75' title='bbox 721 1509 768 1552; x_wconf 92' lang='lat' dir='ltr'><strong>in</strong></span> <span class='ocrx_word' id='word_1_76' title='bbox 786 1507 949 1552; x_wconf 78' lang='lat' dir='ltr'><strong>Senatu</strong></span> <span class='ocrx_word' id='word_1_77' title='bbox 966 1508 1296 1565; x_wconf 87' lang='lat' dir='ltr'><strong>pronunciatam</strong></span> <span class='ocrx_word' id='word_1_78' title='bbox 1322 1510 1560 1552; x_wconf 85' lang='lat' dir='ltr'><strong>orationem</strong></span> <span class='ocrx_word' id='word_1_79' title='bbox 1577 1512 1910 1557; x_wconf 85' lang='lat' dir='ltr'><strong>commemorat,</strong></span> <span class='ocrx_word' id='word_1_80' title='bbox 1943 1505 2045 1550; x_wconf 85' lang='lat' dir='ltr'><strong>facit</strong></span> <span class='ocrx_word' id='word_1_81' title='bbox 2063 1509 2122 1551; x_wconf 86' lang='lat' dir='ltr'><strong>ita</strong></span> <span class='ocrx_word' id='word_1_82' title='bbox 2139 1544 2150 1561; x_wconf 90' lang='lat'>‚</span> <span class='ocrx_word' id='word_1_83' title='bbox 2170 1519 2216 1554; x_wconf 91' lang='lat' dir='ltr'><strong>ut</strong></span> 
     </span>
     <span class='ocr_line' id='line_1_12' title="bbox 504 1624 2220 1683; baseline 0.001 -14"><span class='ocrx_word' id='word_1_84' title='bbox 504 1626 680 1670; x_wconf 87' lang='lat' dir='ltr'><strong>artificii</strong></span> <span class='ocrx_word' id='word_1_85' title='bbox 711 1626 969 1683; x_wconf 84' lang='lat' dir='ltr'><strong>dignitatem</strong></span> <span class='ocrx_word' id='word_1_86' title='bbox 1002 1630 1115 1669; x_wconf 88' lang='lat' dir='ltr'><strong>tecte</strong></span> <span class='ocrx_word' id='word_1_87' title='bbox 1145 1624 1313 1669; x_wconf 88' lang='lat' dir='ltr'><strong>elevare</strong></span> <span class='ocrx_word' id='word_1_88' title='bbox 1344 1625 1557 1670; x_wconf 86' lang='lat' dir='ltr'><strong>videatur.</strong></span> <span class='ocrx_word' id='word_1_89' title='bbox 1620 1625 1767 1681; x_wconf 85' lang='lat' dir='ltr'><strong>Neque</strong></span> <span class='ocrx_word' id='word_1_90' title='bbox 1799 1625 1851 1668; x_wconf 88' lang='lat' dir='ltr'><strong>de</strong></span> <span class='ocrx_word' id='word_1_91' title='bbox 1880 1625 2023 1677; x_wconf 85' lang='lat' dir='ltr'><strong>Livii,</strong></span> <span class='ocrx_word' id='word_1_92' title='bbox 2058 1640 2137 1670; x_wconf 87' lang='lat' dir='ltr'><strong>nec</strong></span> <span class='ocrx_word' id='word_1_93' title='bbox 2168 1628 2220 1672; x_wconf 86' lang='lat' dir='ltr'><strong>de</strong></span> 
     </span>
     <span class='ocr_line' id='line_1_13' title="bbox 502 1741 2219 1800; baseline 0.001 -13"><span class='ocrx_word' id='word_1_94' title='bbox 502 1744 687 1788; x_wconf 91' lang='lat' dir='ltr'><strong>Cornelii</strong></span> <span class='ocrx_word' id='word_1_95' title='bbox 721 1743 860 1787; x_wconf 89' lang='lat' dir='ltr'><strong>Taciti</strong></span> <span class='ocrx_word' id='word_1_96' title='bbox 905 1741 1105 1786; x_wconf 86' lang='lat' dir='ltr'><strong>laudibus</strong></span> <span class='ocrx_word' id='word_1_97' title='bbox 1134 1742 1371 1800; x_wconf 88' lang='lat' dir='ltr'><strong>quidquam</strong></span> <span class='ocrx_word' id='word_1_98' title='bbox 1402 1742 1645 1787; x_wconf 87' lang='lat' dir='ltr'><strong>detractum</strong></span> <span class='ocrx_word' id='word_1_99' title='bbox 1678 1743 1834 1792; x_wconf 81' lang='lat' dir='ltr'><strong>velim3</strong></span> <span class='ocrx_word' id='word_1_100' title='bbox 1867 1743 2054 1787; x_wconf 88' lang='lat' dir='ltr'><strong>concedo</strong></span> <span class='ocrx_word' id='word_1_101' title='bbox 2087 1746 2219 1788; x_wconf 87' lang='lat' dir='ltr'><strong>etiam</strong></span> 
     </span>
     <span class='ocr_line' id='line_1_14' title="bbox 498 1860 2211 1919; baseline 0 -14"><span class='ocrx_word' id='word_1_102' title='bbox 498 1875 620 1913; x_wconf 88' lang='lat' dir='ltr'><strong>esse,</strong></span> <span class='ocrx_word' id='word_1_103' title='bbox 663 1863 738 1919; x_wconf 88' lang='lat' dir='ltr'><strong>qui</strong></span> <span class='ocrx_word' id='word_1_104' title='bbox 770 1860 981 1904; x_wconf 86' lang='lat' dir='ltr'><strong>utriusvis</strong></span> <span class='ocrx_word' id='word_1_105' title='bbox 1015 1860 1233 1904; x_wconf 85' lang='lat' dir='ltr'><strong>scribendi</strong></span> <span class='ocrx_word' id='word_1_106' title='bbox 1275 1874 1413 1918; x_wconf 81' lang='lat' dir='ltr'><strong>genus</strong></span> <span class='ocrx_word' id='word_1_107' title='bbox 1447 1860 1668 1904; x_wconf 90' lang='lat' dir='ltr'><strong>Tullianae</strong></span> <span class='ocrx_word' id='word_1_108' title='bbox 1710 1862 1894 1904; x_wconf 87' lang='lat' dir='ltr'><strong>orationi</strong></span> <span class='ocrx_word' id='word_1_109' title='bbox 1935 1868 2211 1917; x_wconf 77' lang='lat' dir='ltr'><strong>anteponant.</strong></span> 
     </span>
     <span class='ocr_line' id='line_1_15' title="bbox 500 1978 2213 2038; baseline 0 -15"><span class='ocrx_word' id='word_1_110' title='bbox 500 1979 809 2038; x_wconf 83' lang='lat' dir='ltr'><strong>Superaverint</strong></span> <span class='ocrx_word' id='word_1_111' title='bbox 839 1978 1026 2037; x_wconf 87' lang='lat' dir='ltr'><strong>reliquos</strong></span> <span class='ocrx_word' id='word_1_112' title='bbox 1058 1991 1206 2023; x_wconf 89' lang='lat' dir='ltr'><strong>omnes</strong></span> <span class='ocrx_word' id='word_1_113' title='bbox 1227 2014 1237 2031; x_wconf 96' lang='lat'><em>,</em></span> <span class='ocrx_word' id='word_1_114' title='bbox 1272 1980 1347 2036; x_wconf 88' lang='lat' dir='ltr'><strong>qui</strong></span> <span class='ocrx_word' id='word_1_115' title='bbox 1385 1986 1483 2023; x_wconf 85' lang='lat' dir='ltr'><strong>ante</strong></span> <span class='ocrx_word' id='word_1_116' title='bbox 1515 1993 1663 2023; x_wconf 91' lang='lat' dir='ltr'><strong>rerum</strong></span> <span class='ocrx_word' id='word_1_117' title='bbox 1706 1978 1999 2022; x_wconf 89' lang='lat' dir='ltr'><strong>Romanarum</strong></span> <span class='ocrx_word' id='word_1_118' title='bbox 2034 1980 2213 2038; x_wconf 87' lang='lat' dir='ltr'><strong>scripto-</strong></span> 
     </span>
     <span class='ocr_line' id='line_1_16' title="bbox 495 2097 2214 2156; baseline 0.001 -15"><span class='ocrx_word' id='word_1_119' title='bbox 495 2111 564 2142; x_wconf 86' lang='lat' dir='ltr'><strong>res</strong></span> <span class='ocrx_word' id='word_1_120' title='bbox 590 2097 855 2142; x_wconf 86' lang='lat' dir='ltr'><strong>extitissent:</strong></span> <span class='ocrx_word' id='word_1_121' title='bbox 888 2097 963 2142; x_wconf 86' lang='lat' dir='ltr'><strong>sed</strong></span> <span class='ocrx_word' id='word_1_122' title='bbox 987 2098 1031 2140; x_wconf 93' lang='lat' dir='ltr'><strong>in</strong></span> <span class='ocrx_word' id='word_1_123' title='bbox 1062 2103 1246 2155; x_wconf 90' lang='lat' dir='ltr'><strong>utroque</strong></span> <span class='ocrx_word' id='word_1_124' title='bbox 1272 2099 1461 2142; x_wconf 85' lang='lat' dir='ltr'><strong>Atticam</strong></span> <span class='ocrx_word' id='word_1_125' title='bbox 1487 2098 1605 2142; x_wconf 89' lang='lat' dir='ltr'><strong>illam</strong></span> <span class='ocrx_word' id='word_1_126' title='bbox 1635 2097 1959 2156; x_wconf 86' lang='lat' dir='ltr'><strong>simplieitatem</strong></span> <span class='ocrx_word' id='word_1_127' title='bbox 1994 2098 2214 2151; x_wconf 73' lang='lat' dir='ltr'><strong>desidero,</strong></span> 
     </span>
     <span class='ocr_line' id='line_1_17' title="bbox 493 2216 2210 2275; baseline 0.002 -15"><span class='ocrx_word' id='word_1_128' title='bbox 493 2224 535 2261; x_wconf 84' lang='lat' dir='ltr'><strong>et</strong></span> <span class='ocrx_word' id='word_1_129' title='bbox 562 2216 718 2261; x_wconf 90' lang='lat' dir='ltr'><strong>leniter</strong></span> <span class='ocrx_word' id='word_1_130' title='bbox 747 2216 1055 2275; x_wconf 89' lang='lat' dir='ltr'><strong>commodeque</strong></span> <span class='ocrx_word' id='word_1_131' title='bbox 1084 2216 1397 2275; x_wconf 85' lang='lat' dir='ltr'><strong>ingredientem</strong></span> <span class='ocrx_word' id='word_1_132' title='bbox 1427 2219 1694 2269; x_wconf 85' lang='lat' dir='ltr'><strong>orationem,</strong></span> <span class='ocrx_word' id='word_1_133' title='bbox 1729 2216 1854 2261; x_wconf 85' lang='lat' dir='ltr'><strong>modo</strong></span> <span class='ocrx_word' id='word_1_134' title='bbox 1886 2217 2048 2271; x_wconf 89' lang='lat' dir='ltr'><strong>latam,</strong></span> <span class='ocrx_word' id='word_1_135' title='bbox 2086 2220 2210 2263; x_wconf 87' lang='lat' dir='ltr'><strong>modo</strong></span> 
     </span>
     <span class='ocr_line' id='line_1_18' title="bbox 493 2310 2207 2395; baseline 0.002 -16"><span class='ocrx_word' id='word_1_136' title='bbox 493 2337 701 2380; x_wconf 85' lang='lat' dir='ltr'><strong>brevitate</strong></span> <span class='ocrx_word' id='word_1_137' title='bbox 733 2341 998 2381; x_wconf 86' lang='lat' dir='ltr'><strong>contractam</strong></span> <span class='ocrx_word' id='word_1_138' title='bbox 1014 2310 1031 2388; x_wconf 25' lang='lat'><strong>‚¹</strong></span> <span class='ocrx_word' id='word_1_139' title='bbox 1070 2343 1287 2394; x_wconf 88' lang='lat' dir='ltr'><strong>postremo</strong></span> <span class='ocrx_word' id='word_1_140' title='bbox 1318 2337 1606 2382; x_wconf 87' lang='lat' dir='ltr'><strong>lautissimam</strong></span> <span class='ocrx_word' id='word_1_141' title='bbox 1641 2337 1756 2380; x_wconf 86' lang='lat' dir='ltr'><strong>illam</strong></span> <span class='ocrx_word' id='word_1_142' title='bbox 1800 2337 2027 2381; x_wconf 86' lang='lat' dir='ltr'><strong>verborum</strong></span> <span class='ocrx_word' id='word_1_143' title='bbox 2069 2339 2207 2395; x_wconf 89' lang='lat' dir='ltr'><strong>supel-</strong></span> 
     </span>
     <span class='ocr_line' id='line_1_19' title="bbox 491 2455 2205 2515; baseline 0.002 -17"><span class='ocrx_word' id='word_1_144' title='bbox 491 2455 707 2507; x_wconf 87' lang='lat' dir='ltr'><strong>lectilem,</strong></span> <span class='ocrx_word' id='word_1_145' title='bbox 756 2455 868 2500; x_wconf 91' lang='lat' dir='ltr'><strong>unde</strong></span> <span class='ocrx_word' id='word_1_146' title='bbox 900 2462 1176 2500; x_wconf 87' lang='lat' dir='ltr'><strong>sumerentur</strong></span> <span class='ocrx_word' id='word_1_147' title='bbox 1208 2456 1365 2513; x_wconf 86' lang='lat' dir='ltr'><strong>quibus</strong></span> <span class='ocrx_word' id='word_1_148' title='bbox 1398 2457 1581 2513; x_wconf 84' lang='lat' dir='ltr'><strong>singulis</strong></span> <span class='ocrx_word' id='word_1_149' title='bbox 1623 2458 1848 2501; x_wconf 85' lang='lat' dir='ltr'><strong>sententiis</strong></span> <span class='ocrx_word' id='word_1_150' title='bbox 1895 2456 2038 2501; x_wconf 89' lang='lat' dir='ltr'><strong>lumen</strong></span> <span class='ocrx_word' id='word_1_151' title='bbox 2073 2458 2205 2515; x_wconf 90' lang='lat' dir='ltr'><strong>quod·</strong></span> 
     </span>
     <span class='ocr_line' id='line_1_20' title="bbox 489 2573 2205 2633; baseline 0.002 -18"><span class='ocrx_word' id='word_1_152' title='bbox 489 2574 586 2616; x_wconf 85' lang='lat' dir='ltr'><strong>dam</strong></span> <span class='ocrx_word' id='word_1_153' title='bbox 633 2579 675 2616; x_wconf 85' lang='lat' dir='ltr'><strong>et</strong></span> <span class='ocrx_word' id='word_1_154' title='bbox 704 2573 878 2617; x_wconf 88' lang='lat' dir='ltr'><strong>habitus</strong></span> <span class='ocrx_word' id='word_1_155' title='bbox 909 2575 1043 2619; x_wconf 87' lang='lat' dir='ltr'><strong>tribui</strong></span> <span class='ocrx_word' id='word_1_156' title='bbox 1076 2582 1245 2633; x_wconf 87' lang='lat' dir='ltr'><strong>posset,</strong></span> <span class='ocrx_word' id='word_1_157' title='bbox 1287 2588 1396 2632; x_wconf 89' lang='lat' dir='ltr'><strong>quae</strong></span> <span class='ocrx_word' id='word_1_158' title='bbox 1439 2582 1596 2620; x_wconf 85' lang='lat' dir='ltr'><strong>cuncta</strong></span> <span class='ocrx_word' id='word_1_159' title='bbox 1634 2576 1854 2633; x_wconf 87' lang='lat' dir='ltr'><strong>aliquanto</strong></span> <span class='ocrx_word' id='word_1_160' title='bbox 1899 2577 2074 2621; x_wconf 85' lang='lat' dir='ltr'><strong>maioris</strong></span> <span class='ocrx_word' id='word_1_161' title='bbox 2119 2590 2205 2619; x_wconf 88' lang='lat' dir='ltr'><strong>mo·</strong></span> 
     </span>
    </p>
   </div>
   <div class='ocr_carea' id='block_1_4' title="bbox 489 2693 2207 2754">
    <p class='ocr_par' dir='ltr' id='par_1_5' title="bbox 489 2693 2207 2754">
     <span class='ocr_line' id='line_1_21' title="bbox 489 2693 2207 2754; baseline 0.003 -19"><span class='ocrx_word' id='word_1_162' title='bbox 489 2693 622 2737; x_wconf 89' lang='lat' dir='ltr'><strong>menti</strong></span> <span class='ocrx_word' id='word_1_163' title='bbox 655 2706 748 2737; x_wconf 88' lang='lat' dir='ltr'><strong>esse</strong></span> <span class='ocrx_word' id='word_1_164' title='bbox 780 2693 959 2751; x_wconf 87' lang='lat' dir='ltr'><strong>opinor,</strong></span> <span class='ocrx_word' id='word_1_165' title='bbox 1005 2707 1135 2752; x_wconf 90' lang='lat' dir='ltr'><strong>quam</strong></span> <span class='ocrx_word' id='word_1_166' title='bbox 1168 2707 1277 2752; x_wconf 89' lang='lat' dir='ltr'><strong>quae</strong></span> <span class='ocrx_word' id='word_1_167' title='bbox 1310 2694 1553 2754; x_wconf 82' lang='lat' dir='ltr'><strong>Thucydidi</strong></span> <span class='ocrx_word' id='word_1_168' title='bbox 1586 2695 1790 2746; x_wconf 86' lang='lat' dir='ltr'><strong>deerant,</strong></span> <span class='ocrx_word' id='word_1_169' title='bbox 1825 2696 1867 2737; x_wconf 84' lang='lat' dir='ltr'><strong>in</strong></span> <span class='ocrx_word' id='word_1_170' title='bbox 1900 2708 2013 2752; x_wconf 90' lang='lat' dir='ltr'><strong>quo,</strong></span> <span class='ocrx_word' id='word_1_171' title='bbox 2061 2696 2207 2753; x_wconf 88' lang='lat' dir='ltr'><strong>inquit</strong></span> 
     </span>
    </p>
   </div>
   <div class='ocr_carea' id='block_1_5' title="bbox 523 2942 1515 2997">
    <p class='ocr_par' dir='ltr' id='par_1_6' title="bbox 523 2942 1515 2997">
     <span class='ocr_line' id='line_1_22' title="bbox 523 2942 1515 2997; baseline 0.002 -13"><span class='ocrx_word' id='word_1_172' title='bbox 523 2946 582 2992; x_wconf 73' lang='grc'>-’8)</span> <span class='ocrx_word' id='word_1_173' title='bbox 619 2952 711 2985; x_wconf 85' lang='lat' dir='ltr'><strong>Brut.</strong></span> <span class='ocrx_word' id='word_1_174' title='bbox 746 2942 765 2987; x_wconf 84' lang='lat'>§</span> <span class='ocrx_word' id='word_1_175' title='bbox 796 2950 883 2983; x_wconf 79' lang='lat'>255.</span> <span class='ocrx_word' id='word_1_176' title='bbox 1152 2944 1199 2997; x_wconf 79' lang='lat'><strong>¹⁹)</strong></span> <span class='ocrx_word' id='word_1_177' title='bbox 1225 2953 1342 2985; x_wconf 76' lang='lat' dir='ltr'><strong>Orator</strong></span> <span class='ocrx_word' id='word_1_178' title='bbox 1378 2946 1396 2991; x_wconf 86' lang='lat'>§</span> <span class='ocrx_word' id='word_1_179' title='bbox 1428 2953 1515 2986; x_wconf 74' lang='lat'>234.</span> 
     </span>
    </p>
   </div>
   <div class='ocr_carea' id='block_1_6' title="bbox 1907 3058 1959 3093">
    <p class='ocr_par' dir='ltr' id='par_1_7' title="bbox 1907 3058 1959 3093">
     <span class='ocr_line' id='line_1_23' title="bbox 1907 3058 1959 3093; baseline 0 -16"><span class='ocrx_word' id='word_1_180' title='bbox 1907 3058 1959 3093; x_wconf 58' lang='lat'><strong>2*</strong></span> 
     </span>
    </p>
   </div>
   <div class='ocr_carea' id='block_1_7' title="bbox 0 3748 2767 3789">
    <p class='ocr_par' dir='ltr' id='par_1_8' title="bbox 0 3748 2767 3789">
     <span class='ocr_line' id='line_1_24' title="bbox 0 3748 2767 3789; baseline 0 0"><span class='ocrx_word' id='word_1_181' title='bbox 0 3748 2767 3789; x_wconf 95' lang='lat' dir='ltr'><strong> </strong></span> 
     </span>
    </p>
   </div>
  </div>
 </body>
</html>
