2767 3789
1277 444 1302 484 7

436 593 668 646 contentio,
693 599 1020 640 consumeretur
1049 594 1096 638 in
1134 593 1352 640 veteribus
1390 594 1534 640 Latini
1575 597 1786 640 sermonis
1823 594 2066 655 originibus
2104 600 2148 638 et

439 713 731 760 monumentis
771 691 1083 772 investibndis
1099 747 1113 764 ,
1157 725 1342 771 quorum
1375 711 1449 759 illa
1479 711 1568 759 fere
1595 719 1735 760 aetate
1774 716 1972 774 princeps
2005 713 2150 760 fuerat

437 833 627 892 primum
669 832 816 878 Aelius
830 865 843 885 ,
884 836 978 876 tum
1016 831 1167 888 Varrq.
1228 832 1291 878 Ne
1332 833 1517 878 aliarum
1557 831 1732 892 quidem
1774 844 2008 891 earumque
2051 846 2145 892 gra-

439 952 714 997 vissimarum
744 959 892 996 rerum
924 950 1070 997 studia
1093 950 1309 1027 frigebant
1323 987 1334 1006 ,
1366 915 1434 997 vel
1458 950 1749 1011 philosophiae
1766 987 1776 1004 ,
1811 951 1877 997 vel
1904 951 2014 995 iuris
2046 952 2145 995 civi·

440 1070 516 1115 lis:
547 1068 621 1114 sed
653 1081 705 1113 ex
732 1069 788 1114 iis
815 1069 891 1128 qui
920 1068 975 1113 ad
1006 1068 1238 1115 dicendum
1265 1069 1554 1124 accedebant,
1583 1069 1802 1115 Ciceronis
1835 1074 1953 1115 certe
1988 1074 2149 1114 aetate.

440 1195 582 1248 quum·
607 1188 678 1234 hic
709 1168 933 1234 hominum
962 1188 1129 1234 animos
1156 1187 1328 1275 ᾱίοξηᾱί
1359 1189 1546 1235 novitate
1575 1188 1629 1234 ad
1662 1201 1708 1234 se
1735 1187 2010 1234 convertebat
2032 1223 2045 1239 .
2081 1200 2152 1232 ne·

444 1325 516 1356 mo
545 1314 663 1361 erat,
703 1307 780 1366 qui
817 1306 1038 1352 videretur
1067 1274 1354 1366 exquisitius,
1398 1319 1529 1368 quam
1567 1307 1723 1366 vulgus
1753 1307 2009 1357 hominum,
2060 1312 2149 1349 stu·

443 1432 589 1476 duisse
632 1428 772 1473 literis
798 1409 852 1486 ἢ.
927 1426 1011 1472 Sed
1056 1426 1174 1471 illius
1216 1427 1449 1478 novitatis,
1495 1431 1545 1470 ut
1592 1427 1682 1484 ipse
1726 1425 1937 1484 appellat,
1983 1425 2149 1470 nullum

444 1547 562 1592 aliud
586 1544 916 1589 fundamentum
947 1548 1067 1592 erat,
1102 1548 1273 1601 praeter
1304 1543 1489 1588 interius
1520 1514 1713 1588 studium
1739 1544 1881 1587 Latini
1913 1544 2150 1593 sermonis,

445 1672 488 1710 et
535 1663 708 1709 assidua
747 1660 963 1707 scribendi
1010 1662 1273 1707 exercitatio.
1340 1661 1427 1707 Hoc
1465 1662 1590 1707 modo
1635 1676 1719 1706 non
1766 1668 1936 1706 tantum
1981 1662 2154 1705 divitias

443 1783 673 1834 orationis,
714 1769 841 1840 quas*
858 1780 898 1824 ei
930 1780 974 1823 in
1009 1779 1234 1825 literarum
1269 1781 1526 1825 commercio
1563 1779 1822 1826 concedebat
1857 1779 1977 1825 Serv.
2015 1779 2152 1838 Sulpi-

446 1903 541 1946 cius
568 1902 626 1960 ⁹),
669 1898 1035 1957 consequebatur,
1080 1899 1154 1943 sed
1195 1898 1459 1943 monstrabat
1492 1912 1660 1957 quoque
1692 1899 1788 1943 aliis
1819 1912 1950 1957 quam
2000 1898 2151 1942 idonea

444 2027 555 2067 esset
587 2020 738 2065 Latina
769 2019 916 2076 lingua
948 2031 1057 2076 quae
1083 2024 1178 2063 tum
1210 2032 1234 2064 e
1265 2020 1422 2064 nativis
1459 2017 1650 2064 fontibus
1676 2025 1929 2077 servatoque
1961 2019 2053 2062 eius
2086 2021 2152 2062 in-

443 2141 568 2198 genio
607 2137 969 2196 locupletaretur,
1014 2142 1106 2180 tum
1138 2136 1262 2181 facile
1302 2137 1426 2182 modo
1452 2137 1676 2182 brevitatis
1718 2137 1835 2182 laudi
1867 2116 2151 2182 satisfaceret.

446 2258 571 2304 modo
612 2256 886 2316 amplitudini
926 2262 970 2301 et
997 2255 1183 2300 ubertati
1217 2261 1261 2300 et
1299 2256 1481 2315 longiori
1514 2256 1885 2315 comprehensioni
1920 2257 2151 2301 destinare-

448 2385 547 2430 tur,
580 2377 640 2420 ita
673 2382 721 2420 ut
754 2374 1013 2432 multiplices
1034 2366 1264 2432 'cogitandi
1306 2374 1465 2419 formas
1496 2376 1702 2419 orationis
1728 2377 1864 2433 ipsius
1896 2377 2078 2419 varietas
2111 2382 2150 2417 et

448 2503 667 2553 tamquam
713 2494 851 2552 figura
889 2494 1059 2552 egregie
1105 2493 1364 2539 imitaretur.
1439 2494 1579 2552 Atque
1625 2493 1728 2540 haec
1765 2501 1830 2540 est
1872 2493 1941 2537 illa
1986 2494 2153 2537 novitas

448 2613 645 2663 dicendi,
687 2626 816 2669 quam
849 2625 933 2655 non
973 2612 1111 2669 magis
1146 2613 1190 2656 in
1227 2612 1497 2665 actionihuS‚
1542 2627 1672 2671 quam
1715 2615 1757 2657 in
1802 2613 1897 2657 aliis
1939 2613 2154 2656 scribendi

448 2733 676 2793 generibus
708 2731 853 2776 attulit
881 2732 1051 2777 Cicero:
1084 2738 1152 2788 et,
1197 2733 1233 2776 si
1265 2732 1444 2777 dubium
1477 2747 1561 2778 non
1588 2739 1652 2779 est
1679 2733 1915 2793 plurimum
1959 2733 2158 2778 debuisse

501 3005 528 3051 8)
556 3011 648 3043 Brut.
687 2999 706 3046 §
737 3007 822 3041 322.
1092 2998 1121 3051 9)
1151 3007 1193 3040 aa
1219 3007 1369 3041 niv.1v.
1399 3008 1434 3040 4.
1468 3008 1500 3041 1.
