2767 3789
1367 425 1423 465 ‘58

523 578 750 628 quaerimus.
808 577 928 624 Vult,
966 577 1043 616 nisi
1082 577 1222 619 fallor,
1262 576 1361 623 hoc,
1399 560 1472 623 ut,
1510 575 1794 627 quodcumque
1833 552 2082 624 sensusve}
2120 582 2250 620 oculo-

521 703 636 733 rum.
668 689 731 729 vel
760 689 921 730 aurium
938 720 948 735 ,
977 690 1018 729 in
1046 689 1116 729 illo
1145 701 1292 742 genere
1321 688 1612 741 percipiamus,
1640 689 1862 729 referamus
1890 689 1940 729 ad
1965 691 2075 732 iliam
2103 693 2249 747 cpgita-

519 809 600 840 tam
638 802 839 853 speciem,
878 813 1006 854 eaque
1040 809 1245 852 tamquam
1283 814 1423 841 norma
1447 801 1686 841 aestimandi
1712 767 1914 842 utamur..
1942 801 2019 847 Et,
2058 807 2248 855 quoniam

518 921 684 966 apparet
712 915 769 955 ita
799 903 1021 954 sermonem
1060 926 1141 953 non
1174 925 1261 954 esse
1299 914 1350 953 de
1387 914 1474 966 ipso
1515 911 1696 961 artifice{
1737 898 1915 954 dubi'tari
1956 915 2130 966 primum
2169 930 2249 957 non

521 1034 673 1077 potest,
703 1027 801 1077 quin
830 1026 941 1066 istud
969 1026 1153 1065 imitando
1196 1025 1467 1065 abiiciendum
1510 1026 1574 1066 sit.
1631 1025 1759 1064 Multo
1793 1026 1914 1065 etiam
1952 1027 2086 1066 minus
2121 1028 2251 1067 seren-

519 1137 619 1177 dum
650 1140 713 1178 est
754 1138 855 1185 hoc,
899 1145 946 1176 ut
987 1137 1036 1176 ad
1080 1137 1189 1175 illam
1232 1136 1449 1189 cogitatam
1482 1137 1654 1190 speciem
1682 1136 1870 1178 dicantur
1905 1137 2045 1178 referri
2072 1150 2118 1178 ea
2156 1151 2254 1190 quae

516 1248 583 1286 sub
610 1248 736 1286 oculos
760 1247 846 1298 ipsa
881 1259 958 1285 non
993 1247 1158 1291 cadunt,
1197 1247 1306 1297 quod
1346 1256 1428 1286 tam
1453 1247 1676 1287 absurdum
1711 1257 1794 1292 est,
1824 1261 1868 1286 ac
1898 1249 1930 1287 si
1968 1249 2162 1300 dixisset,
2200 1253 2248 1290 ad

518 1359 628 1399 illam
653 1358 826 1411 speciem
857 1359 1000 1400 referri
1030 1371 1098 1398 eas
1131 1358 1333 1398 orationes
1361 1371 1460 1411 quas
1484 1370 1565 1399 non
1593 1358 1839 1400 audiremus.
1895 1358 1980 1400 Sub
2008 1361 2147 1401 oculos
2170 1375 2250 1402 non

518 1471 626 1510 eadit
656 1473 723 1512 illa
752 1449 929 1523 species:
959 1481 1123 1518 contra,
1153 1484 1256 1523 quae
1285 1483 1335 1510 ex
1364 1472 1429 1510 illa
1468 1472 1582 1523 quasi
1620 1470 1816 1524 imagines
1849 1472 2157 1523 exprimuntur,
2187 1486 2248 1512 ca-

517 1583 623 1622 dunt
666 1583 743 1623 sub
781 1583 942 1622 oculos:
986 1596 1115 1634 eaque
1152 1583 1237 1634 ipsa
1265 1582 1437 1635 appellat
1464 1581 1627 1626 Cicero,
1671 1581 1848 1621 Platonis
1888 1582 2137 1628 imitatione,
2180 1586 2249 1635 qui

519 1694 736 1747 distinguit
757 1694 880 1734 'inter
924 1696 1047 1739 αὐτὸ,
1086 1701 1127 1733 et
1157 1694 1287 1738 αὐτὰ,
1325 1693 1451 1731 veluti
1494 1695 1535 1732 in
1567 1692 1780 1733 Phaedone
1819 1706 1854 1745 p.
1885 1695 1935 1733 74
1964 1693 2003 1734 Β.
2033 1693 2073 1734 C.
2130 1694 2250 1734 Mani-

517 1808 666 1846 festum
704 1814 790 1852 est,
831 1805 1046 1846 delendam
1074 1819 1161 1845 esse
1205 1805 1460 1858 negationem
1497 1811 1592 1844 ante
1621 1805 1772 1844 cadunt.
1829 1804 1935 1844 Infra
1974 1805 2005 1858 ὃ
2035 1807 2124 1845 101.
2164 1820 2247 1858 spe-

515 1918 617 1956 ciem
659 1917 769 1957 illam
812 1917 1067 1970 intelligens,
1112 1917 1283 1968 appellat
1315 1916 1415 1955 illud
1451 1916 1598 1966 ipsum:
1642 1916 1810 1968 aliisque
1853 1917 1986 1956 verbis
2030 1924 2248 1970 utrumque

514 2029 730 2082 distinguit
768 2028 800 2082 S
829 2029 917 2070 112.
947 2029 1033 2070 init.

571 2141 603 2193 ἓ
632 2146 667 2180 ὅ.
729 2140 803 2179 Sed
840 2153 906 2193 eqo
933 2141 986 2179 πό-
1022 2145 1145 2180 statuo
1173 2163 1235 2177 —.
1267 2141 1344 2187 Qui
1384 2139 1605 2179 attenderit
1648 2139 1698 2178 ad
1741 2151 1786 2177 ea
1830 2151 1932 2191 quae
1975 2139 2246 2192 praecedunt,

512 2252 727 2297 concedet,
773 2265 914 2304 spero,
955 2252 1112 2292 nullum
1150 2266 1235 2292 esse
1265 2252 1330 2291 hic
1373 2251 1505 2290 locum
1543 2251 1819 2291 adversativae
1857 2252 2129 2292 coniunctioni
2158 2254 2247 2299 sed,

512 2378 682 2418 eamque
711 2364 947 2406 mutandam
977 2376 1066 2405 esse
1096 2364 1136 2403 in
1166 2368 1210 2404 et.
1268 2363 1355 2410 Qua
1385 2364 1685 2416 opportunitate
1715 2364 1896 2416 exempla
1926 2376 2158 2417 expromere
2186 2365 2245 2405 lu-

512 2479 604 2523 bet,
646 2479 687 2517 in
725 2477 874 2530 quibus
911 2477 1029 2517 litera
1052 2461 1094 2514 —s—
1122 2475 1265 2515 vitiose
1310 2477 1372 2514 vel
1413 2476 1582 2519 iterata,
1628 2478 1692 2521 (ut
1728 2475 1766 2514 h.
1793 2476 1817 2514 l.
1846 2456 1934 2527 post
1969 2477 2138 2529 rarius),
2182 2478 2245 2516 vel

510 2589 692 2641 neglecta
733 2589 796 2628 sit.
852 2588 916 2628 Sic
945 2587 976 2640 ᾖ
1003 2589 1089 2627 188.
1121 2609 1172 2615 --
1201 2586 1376 2626 versibus.
1438 2586 1513 2625 Sed
1551 2586 1591 2626 1ιὶ
1618 2586 1790 2631 numeri,
1821 2608 1873 2615 -
1901 2588 2147 2639 requiritur,
2195 2587 2242 2626 Ee

507 2700 546 2738 lei
582 2699 742 2741 numeri.
799 2699 902 2741 Tum
940 2699 972 2753 S
997 2700 1069 2740 191
1113 2698 1328 2751 legendum
1357 2711 1446 2738 esse
1483 2703 1517 2737 et
1546 2705 1642 2748 (non
1679 2698 1757 2743 sed)
1795 2699 1990 2750 profectus
2026 2712 2074 2738 ex
2101 2699 2240 2750 optima

504 2811 730 2863 disciplina,
757 2811 852 2854 alibi
879 2811 1166 2851 demonstravi.
1196 2810 1283 2850 Nat.
1300 2810 1414 2849 Deor.
1432 2810 1465 2849 l.·
1486 2809 1606 2861 595,
1636 2809 1996 2850 Phaedro—nihil
2011 2811 2238 2851 humanius.

504 2924 569 2965 sed
598 2923 904 2966 stomachabatur
930 2936 1070 2971 senex,
1100 2922 1133 2962 si
1159 2923 1249 2975 quid
1276 2922 1450 2977 asperius
1477 2921 1679 2963 dixeram:
1709 2934 1856 2975 repone
1886 2928 1931 2964 et.
