2767 3789
1348 442 1404 490 16

505 603 615 647 ratio
654 601 886 653 habeatur,
930 606 973 647 et
1014 600 1245 647 verborum
1284 600 1503 654 delectuS,
1541 606 1781 658 eorumque
1818 586 2094 662 compositio,
2138 612 2231 652 tum

508 722 668 765 formae
708 721 868 779 quibus
899 722 1141 766 sententiae
1185 720 1490 773 illustrantur,
1532 725 1750 779 postremo
1781 719 2052 770 concinnitas
2080 730 2125 771 et
2155 740 2234 772 nu-

504 853 651 884 merus
684 841 777 899 ipse
817 841 1039 885 orationis.
1104 840 1251 898 Neque
1282 840 1400 884 enim
1441 838 1556 898 quod
1594 838 1697 883 olim
1740 839 1901 884 Romae
1935 805 2146 896 sortasse,
2192 852 2235 890 et

501 964 620 1003 certe
662 959 843 1004 Athenis
886 959 1077 1005 studiose
1118 957 1400 1021 expetebatur
1441 964 1484 1002 et
1521 950 1743 1002 fastidiose
1785 957 1890 1003 adeo
1930 959 2232 1014 indicabatur,

505 1079 670 1122 idcirco
702 1078 817 1123 idem
849 1093 873 1122 a
897 1080 1021 1123 nobis
1049 1078 1260 1136 postulari
1285 1084 1446 1134 potest:
1478 1091 1528 1121 ea
1556 1056 1764 1128 maxime,
1798 1079 1841 1120 in
1874 1079 2032 1136 quibus
2056 1080 2230 1124 aurium

503 1198 615 1243 valet
658 1191 897 1251 iudicium,
937 1197 1201 1243 moderanda
1242 1196 1449 1243 videntur
1479 1196 1534 1243 ad
1565 1196 1777 1253 cuiusque
1804 1199 1947 1256 gentis
1978 1204 2022 1244 et
2054 1199 2157 1245 coeli
2189 1205 2232 1244 et

501 1318 691 1372 regionis
724 1318 943 1375 propriam
983 1316 1171 1360 indolem
1204 1322 1248 1360 et
1282 1316 1587 1360 eruditionem.
1650 1317 1699 1362 In
1740 1329 1790 1359 eo
1817 1286 1987 1373 *genere
2025 1318 2231 1364 Romanis

502 1434 608 1479 adeo
651 1434 736 1480 alia
775 1435 990 1494 placuisse
1018 1448 1148 1492 quam
1193 1435 1397 1485 Graecis,
1440 1436 1532 1492 ipse
1571 1440 1883 1479 commemorat
1925 1435 2074 1480 Cicero
2111 1436 2228 1482 Orat.

502 1555 525 1608 ᾗ
558 1556 643 1596 152
678 1567 742 1611 sq.
809 1553 918 1605 Sed,
962 1566 1227 1612 quamquam
1269 1551 1386 1597 haud
1427 1552 1517 1596 scio
1557 1565 1610 1596 an
1648 1550 1971 1597 concedendum
2005 1554 2062 1597 sit
2101 1568 2126 1598 a
2157 1569 2228 1599 no·

501 1672 605 1713 stris
638 1671 887 1715 hominibus
919 1685 1003 1715 non
1037 1671 1377 1728 exspectandum
1420 1684 1513 1714 esse
1546 1670 1612 1721 id,
1646 1669 1760 1727 quod
1790 1670 1939 1714 Cicero
1971 1671 2023 1715 de
2052 1673 2143 1715 suis
2171 1673 2229 1715 as-

499 1790 672 1838 firmat,
707 1801 843 1846 quum
877 1788 983 1833 dicit
1020 1790 1089 1833 »in
1130 1802 1259 1834 versu
1289 1788 1458 1833 theatra
1487 1793 1577 1832 tota
1609 1787 1881 1839 exclamare,
1913 1789 1951 1832 si
1978 1788 2110 1834 fuerit
2143 1804 2229 1835 una

502 1907 692 1965 »syllaba
723 1915 798 1952 aut
830 1908 1002 1952 brevior
1030 1914 1106 1951 aut
1138 1908 1361 1966 longior‚'’
1397 1907 1517 1967 (ibid.
1560 1910 1583 1964 §
1617 1907 1747 1966 195),
1780 1913 1856 1951 aut
1889 1894 2025 1965 quum
2058 1917 2226 1961 narrat,

498 2033 688 2083 quantus
715 2027 878 2072 clamor
909 2029 1130 2072 concionis
1161 2028 1376 2072 excitatus
1408 2030 1521 2071 esset
1547 2024 1749 2070 dichoreo
1780 2040 1866 2084 quo
1899 2027 2088 2072 ambitus
2127 2042 2224 2072 con-

500 2144 750 2190 cluderetur
797 2145 916 2206 (ibid.
962 2147 1145 2206 §214),
1195 2153 1339 2192 tamen
1375 2146 1419 2189 in
1453 2152 1600 2191 nostro
1632 2158 1802 2203 quoque
1846 2159 2044 2192 sermone
2086 2150 2223 2206 quoti-

499 2264 627 2308 diano
661 2265 999 2311 innumerabilia
1033 2265 1193 2310 indicia
1229 2271 1330 2310 sunt
1364 2266 1458 2308 eius
1491 2264 1556 2309 vel
1588 2264 1749 2315 studii,
1785 2264 1848 2308 vel
1880 2265 2140 2316 voluntatis,
2179 2274 2224 2312 ut

498 2386 672 2428 aurium
713 2386 861 2429 sensui
894 2353 1224 2442 morigeremur.
1292 2385 1432 2435 Tum,
1473 2384 1509 2427 si
1543 2383 1780 2427 multorum
1822 2396 1949 2427 aures
1979 2390 2067 2429 tam
2097 2386 2223 2430 inhu-

498 2516 649 2547 manae
683 2509 861 2561 tamque
890 2510 1082 2561 agrestes
1110 2509 1235 2555 sunt,
1269 2502 1378 2546 nihil
1410 2508 1456 2546 ut
1487 2502 1567 2560 ipsi
1595 2501 1793 2546 sensibus
1823 2499 2104 2554 moveantur',
2139 2519 2221 2549 non

498 2622 659 2666 idcirco
692 2624 841 2666 minus
874 2637 899 2667 a
937 2628 1092 2666 natura
1134 2624 1226 2681 ipsa
1258 2622 1441 2665 istarum
1487 2621 1758 2680 voluptatum
1801 2622 2012 2667 iudicium
2046 2604 2225 2684 auribus&

498 2743 656 2787 nostris
699 2743 882 2789 insitum
913 2749 1005 2795 est,
1051 2741 1163 2801 quod
1203 2741 1338 2787 excoli
1371 2747 1412 2786 et
1447 2748 1494 2785 ut
1537 2741 1597 2784 ita
1639 2740 1780 2786 dicam
1824 2742 1990 2787 erudiri
2034 2706 2223 2801 profecto

496 2876 579 2905 non
619 2870 787 2919 posset,
830 2865 915 2907 nisi
948 2869 1131 2907 naturae
1172 2861 1547 2907 accommodatum
1593 2868 1730 2913 esset,
1781 2875 1858 2906 nec
1903 2867 2023 2907 tanta
2058 2863 2100 2905 in
2132 2863 2222 2920 ipsa

494 2982 673 3028 Graecia
716 2982 809 3028 eius
852 2984 1023 3041 generis
1066 2982 1268 3028 audiendi
1313 2981 1456 3027 studia
1490 2983 1789 3034 exstitissent,
1836 2996 1971 3041 quum
2008 2982 2223 3040 principes

2274 0 2450 31 ‹av-gszzztfffffw
2468 0 2556 36 5:3“12-22-
2566 0 2767 33 &W
