<?xml version="1.0" encoding="UTF-8"?>
<!DOCTYPE html PUBLIC "-//W3C//DTD XHTML 1.0 Transitional//EN"
    "http://www.w3.org/TR/xhtml1/DTD/xhtml1-transitional.dtd">
<html xmlns="http://www.w3.org/1999/xhtml" xml:lang="en" lang="en">
 <head>
  <title>
</title>
<meta http-equiv="Content-Type" content="text/html;charset=utf-8" />
  <meta name='ocr-system' content='tesseract 3.04.00' />
  <meta name='ocr-capabilities' content='ocr_page ocr_carea ocr_par ocr_line ocrx_word'/>
</head>
<body>
  <div class='ocr_page' id='page_1' title='image "4777079_0093.png"; bbox 0 0 2767 3789; ppageno 0'>
   <div class='ocr_carea' id='block_1_1' title="bbox 0 0 308 65">
    <p class='ocr_par' dir='ltr' id='par_1_1' title="bbox 0 0 308 65">
     <span class='ocr_line' id='line_1_1' title="bbox 0 0 308 65; baseline 0 3724"><span class='ocrx_word' id='word_1_1' title='bbox 0 0 308 65; x_wconf 95' lang='lat' dir='ltr'><strong> </strong></span> 
     </span>
    </p>
   </div>
   <div class='ocr_carea' id='block_1_2' title="bbox 0 3752 1173 3789">
    <p class='ocr_par' dir='ltr' id='par_1_2' title="bbox 0 3752 1173 3789">
     <span class='ocr_line' id='line_1_2' title="bbox 0 3752 1173 3789; baseline 0 0"><span class='ocrx_word' id='word_1_2' title='bbox 0 3752 1173 3789; x_wconf 95' lang='lat' dir='ltr'><strong> </strong></span> 
     </span>
    </p>
   </div>
   <div class='ocr_carea' id='block_1_3' title="bbox 1315 425 1369 467">
    <p class='ocr_par' dir='ltr' id='par_1_3' title="bbox 1315 425 1369 467">
     <span class='ocr_line' id='line_1_3' title="bbox 1315 425 1369 467; baseline -0.019 0"><span class='ocrx_word' id='word_1_3' title='bbox 1315 425 1369 467; x_wconf 85' lang='lat'><strong>81</strong></span> 
     </span>
    </p>
   </div>
   <div class='ocr_carea' id='block_1_4' title="bbox 406 560 2221 2859">
    <p class='ocr_par' dir='ltr' id='par_1_4' title="bbox 406 560 2221 2859">
     <span class='ocr_line' id='line_1_4' title="bbox 486 560 2221 625; baseline -0.003 -1"><span class='ocrx_word' id='word_1_4' title='bbox 486 560 676 624; x_wconf 72' lang='lat' dir='ltr'><strong>fiduciam</strong></span> <span class='ocrx_word' id='word_1_5' title='bbox 704 578 984 625; x_wconf 73' lang='lat' dir='ltr'><strong>defenderem,</strong></span> <span class='ocrx_word' id='word_1_6' title='bbox 1012 578 1077 619; x_wconf 85' lang='lat' dir='ltr'><strong>vel</strong></span> <span class='ocrx_word' id='word_1_7' title='bbox 1104 590 1156 620; x_wconf 85' lang='lat' dir='ltr'><strong>ex</strong></span> <span class='ocrx_word' id='word_1_8' title='bbox 1191 579 1313 619; x_wconf 80' lang='lat' dir='ltr'><strong>unius</strong></span> <span class='ocrx_word' id='word_1_9' title='bbox 1341 577 1462 620; x_wconf 82' lang='lat' dir='ltr'><strong>Gellii</strong></span> <span class='ocrx_word' id='word_1_10' title='bbox 1496 577 1858 620; x_wconf 77' lang='lat' dir='ltr'><strong>innumerabilibus</strong></span> <span class='ocrx_word' id='word_1_11' title='bbox 1891 577 1991 619; x_wconf 83' lang='lat' dir='ltr'><strong>loeis</strong></span> <span class='ocrx_word' id='word_1_12' title='bbox 2015 584 2221 620; x_wconf 74' lang='lat' dir='ltr'><strong>constare&#39;</strong></span> 
     </span>
     <span class='ocr_line' id='line_1_5' title="bbox 406 671 2198 753; baseline -0.001 -20"><span class='ocrx_word' id='word_1_13' title='bbox 406 671 420 685; x_wconf 55' lang='lat'><strong>⁹</strong></span> <span class='ocrx_word' id='word_1_14' title='bbox 483 692 610 734; x_wconf 85' lang='lat' dir='ltr'><strong>altero</strong></span> <span class='ocrx_word' id='word_1_15' title='bbox 645 693 725 733; x_wconf 85' lang='lat' dir='ltr'><strong>iam</strong></span> <span class='ocrx_word' id='word_1_16' title='bbox 761 691 897 748; x_wconf 77' lang='lat' dir='ltr'><strong>seculo</strong></span> <span class='ocrx_word' id='word_1_17' title='bbox 932 697 1024 744; x_wconf 81' lang='lat' dir='ltr'><strong>post</strong></span> <span class='ocrx_word' id='word_1_18' title='bbox 1055 689 1259 733; x_wconf 80' lang='lat' dir='ltr'><strong>Ciceronis</strong></span> <span class='ocrx_word' id='word_1_19' title='bbox 1293 698 1465 731; x_wconf 83' lang='lat' dir='ltr'><strong>mortem</strong></span> <span class='ocrx_word' id='word_1_20' title='bbox 1495 702 1655 753; x_wconf 73' lang='lat' dir='ltr'><strong>operam</strong></span> <span class='ocrx_word' id='word_1_21' title='bbox 1687 690 1847 732; x_wconf 77' lang='lat' dir='ltr'><strong>dedisse</strong></span> <span class='ocrx_word' id='word_1_22' title='bbox 1875 690 2173 732; x_wconf 71' lang='lat' dir='ltr'><strong>rGrammaticos</strong></span> <span class='ocrx_word' id='word_1_23' title='bbox 2186 722 2198 739; x_wconf 95' lang='lat'><strong>,</strong></span> 
     </span>
     <span class='ocr_line' id='line_1_6' title="bbox 483 801 2196 857; baseline -0.001 -13"><span class='ocrx_word' id='word_1_24' title='bbox 483 813 531 845; x_wconf 84' lang='lat' dir='ltr'><strong>ut</strong></span> <span class='ocrx_word' id='word_1_25' title='bbox 556 818 607 846; x_wconf 84' lang='lat' dir='ltr'><strong>ex</strong></span> <span class='ocrx_word' id='word_1_26' title='bbox 634 803 842 846; x_wconf 62' lang='lat' dir='ltr'><strong>veteribus</strong></span> <span class='ocrx_word' id='word_1_27' title='bbox 867 809 922 843; x_wconf 74' lang='lat' dir='ltr'><strong>et&#39;</strong></span> <span class='ocrx_word' id='word_1_28' title='bbox 942 809 1144 855; x_wconf 71' lang='lat' dir='ltr'><strong>spectatae</strong></span> <span class='ocrx_word' id='word_1_29' title='bbox 1177 801 1272 843; x_wconf 84' lang='lat' dir='ltr'><strong>fidei</strong></span> <span class='ocrx_word' id='word_1_30' title='bbox 1307 801 1420 843; x_wconf 85' lang='lat' dir='ltr'><strong>libris</strong></span> <span class='ocrx_word' id='word_1_31' title='bbox 1446 814 1493 843; x_wconf 87' lang='lat' dir='ltr'><strong>ea</strong></span> <span class='ocrx_word' id='word_1_32' title='bbox 1520 803 1787 857; x_wconf 72' lang='lat' dir='ltr'><strong>corrigerent,</strong></span> <span class='ocrx_word' id='word_1_33' title='bbox 1815 816 1920 856; x_wconf 86' lang='lat' dir='ltr'><strong>quae</strong></span> <span class='ocrx_word' id='word_1_34' title='bbox 1947 810 2046 844; x_wconf 88' lang='lat' dir='ltr'><strong>tunc</strong></span> <span class='ocrx_word' id='word_1_35' title='bbox 2072 803 2196 857; x_wconf 79' lang='lat' dir='ltr'><strong>vulgo</strong></span> 
     </span>
     <span class='ocr_line' id='line_1_7' title="bbox 483 912 2197 966; baseline -0.001 -11"><span class='ocrx_word' id='word_1_36' title='bbox 483 917 717 956; x_wconf 82' lang='lat' dir='ltr'><strong>serebantur</strong></span> <span class='ocrx_word' id='word_1_37' title='bbox 727 914 913 966; x_wconf 77' lang='lat' dir='ltr'><strong>exempla</strong></span> <span class='ocrx_word' id='word_1_38' title='bbox 927 912 1203 953; x_wconf 68' lang='lat' dir='ltr'><strong>Tulliana-um</strong></span> <span class='ocrx_word' id='word_1_39' title='bbox 1226 912 1500 961; x_wconf 82' lang='lat' dir='ltr'><strong>voluminum,</strong></span> <span class='ocrx_word' id='word_1_40' title='bbox 1518 913 1773 965; x_wconf 84' lang='lat' dir='ltr'><strong>maximeque</strong></span> <span class='ocrx_word' id='word_1_41' title='bbox 1796 913 2054 966; x_wconf 73' lang='lat' dir='ltr'>requisivisse</span> <span class='ocrx_word' id='word_1_42' title='bbox 2074 914 2197 955; x_wconf 84' lang='lat' dir='ltr'><strong>libros</strong></span> 
     </span>
     <span class='ocr_line' id='line_1_8' title="bbox 480 1017 2198 1079; baseline -0.002 -11"><span class='ocrx_word' id='word_1_43' title='bbox 480 1026 726 1067; x_wconf 78' lang='lat' dir='ltr'><strong>Tironianos.</strong></span> <span class='ocrx_word' id='word_1_44' title='bbox 782 1023 936 1073; x_wconf 78' lang='lat' dir='ltr'><strong>Quodsi</strong></span> <span class='ocrx_word' id='word_1_45' title='bbox 966 1017 1198 1078; x_wconf 66' lang='lat' dir='ltr'><strong>vigentibus</strong></span> <span class='ocrx_word' id='word_1_46' title='bbox 1227 1023 1424 1064; x_wconf 81' lang='lat' dir='ltr'><strong>bonarum</strong></span> <span class='ocrx_word' id='word_1_47' title='bbox 1460 1024 1669 1065; x_wconf 77' lang='lat' dir='ltr'><strong>literarum</strong></span> <span class='ocrx_word' id='word_1_48' title='bbox 1707 1032 1750 1066; x_wconf 87' lang='lat' dir='ltr'><strong>et</strong></span> <span class='ocrx_word' id='word_1_49' title='bbox 1781 1025 1967 1079; x_wconf 72' lang='lat' dir='ltr'><strong>castigati</strong></span> <span class='ocrx_word' id='word_1_50' title='bbox 2003 1026 2198 1066; x_wconf 82' lang='lat' dir='ltr'><strong>sermonis</strong></span> 
     </span>
     <span class='ocr_line' id='line_1_9' title="bbox 482 1111 2197 1190; baseline -0.001 -11"><span class='ocrx_word' id='word_1_51' title='bbox 482 1137 637 1190; x_wconf 66' lang='lat' dir='ltr'><strong>studiis⁴</strong></span> <span class='ocrx_word' id='word_1_52' title='bbox 657 1143 741 1178; x_wconf 89' lang='lat' dir='ltr'><strong>tam</strong></span> <span class='ocrx_word' id='word_1_53' title='bbox 765 1135 905 1176; x_wconf 87' lang='lat' dir='ltr'><strong>crebro</strong></span> <span class='ocrx_word' id='word_1_54' title='bbox 929 1135 1009 1175; x_wconf 87' lang='lat' dir='ltr'><strong>iam</strong></span> <span class='ocrx_word' id='word_1_55' title='bbox 1038 1135 1080 1175; x_wconf 91' lang='lat' dir='ltr'><strong>in</strong></span> <span class='ocrx_word' id='word_1_56' title='bbox 1111 1134 1315 1176; x_wconf 78' lang='lat' dir='ltr'><strong>vocabulis</strong></span> <span class='ocrx_word' id='word_1_57' title='bbox 1341 1135 1555 1176; x_wconf 70' lang='lat' dir='ltr'><strong>obliterata</strong></span> <span class='ocrx_word' id='word_1_58' title='bbox 1582 1134 1888 1176; x_wconf 78' lang='lat' dir='ltr'><strong>fuit·Cioeronis</strong></span> <span class='ocrx_word' id='word_1_59' title='bbox 1909 1136 2014 1177; x_wconf 82' lang='lat' dir='ltr'><strong>ratio</strong></span> <span class='ocrx_word' id='word_1_60' title='bbox 2033 1143 2076 1177; x_wconf 87' lang='lat' dir='ltr'><strong>et</strong></span> <span class='ocrx_word' id='word_1_61' title='bbox 2107 1111 2197 1176; x_wconf 82' lang='lat' dir='ltr'><strong>con-</strong></span> 
     </span>
     <span class='ocr_line' id='line_1_10' title="bbox 481 1247 2196 1302; baseline -0.001 -12"><span class='ocrx_word' id='word_1_62' title='bbox 481 1249 681 1300; x_wconf 90' lang='lat' dir='ltr'><strong>suetudo,</strong></span> <span class='ocrx_word' id='word_1_63' title='bbox 718 1247 817 1301; x_wconf 80' lang='lat' dir='ltr'><strong>quid</strong></span> <span class='ocrx_word' id='word_1_64' title='bbox 843 1248 1038 1288; x_wconf 87' lang='lat' dir='ltr'><strong>miramur</strong></span> <span class='ocrx_word' id='word_1_65' title='bbox 1064 1248 1238 1289; x_wconf 77' lang='lat' dir='ltr'><strong>ulterius</strong></span> <span class='ocrx_word' id='word_1_66' title='bbox 1265 1247 1473 1301; x_wconf 75' lang='lat' dir='ltr'><strong>paullatim</strong></span> <span class='ocrx_word' id='word_1_67' title='bbox 1489 1279 1498 1294; x_wconf 95' lang='lat'><strong>,</strong></span> <span class='ocrx_word' id='word_1_68' title='bbox 1535 1248 1799 1301; x_wconf 82' lang='lat' dir='ltr'><strong>sequentibus</strong></span> <span class='ocrx_word' id='word_1_69' title='bbox 1835 1249 2002 1297; x_wconf 83' lang='lat' dir='ltr'><strong>seculis,</strong></span> <span class='ocrx_word' id='word_1_70' title='bbox 2042 1261 2196 1302; x_wconf 81' lang='lat' dir='ltr'><strong>grassa·</strong></span> 
     </span>
     <span class='ocr_line' id='line_1_11' title="bbox 481 1358 2197 1413; baseline 0.001 -13"><span class='ocrx_word' id='word_1_71' title='bbox 481 1369 565 1400; x_wconf 85' lang='lat' dir='ltr'><strong>tam</strong></span> <span class='ocrx_word' id='word_1_72' title='bbox 589 1374 680 1401; x_wconf 87' lang='lat' dir='ltr'><strong>esse</strong></span> <span class='ocrx_word' id='word_1_73' title='bbox 714 1359 910 1400; x_wconf 76' lang='lat' dir='ltr'><strong>incuriam</strong></span> <span class='ocrx_word' id='word_1_74' title='bbox 937 1367 980 1400; x_wconf 82' lang='lat' dir='ltr'><strong>et</strong></span> <span class='ocrx_word' id='word_1_75' title='bbox 1013 1360 1220 1401; x_wconf 64' lang='lat' dir='ltr'><strong>levitatem</strong></span> <span class='ocrx_word' id='word_1_76' title='bbox 1258 1358 1538 1405; x_wconf 84' lang='lat' dir='ltr'><strong>librariorum,</strong></span> <span class='ocrx_word' id='word_1_77' title='bbox 1577 1372 1730 1412; x_wconf 87' lang='lat' dir='ltr'><strong>quum,</strong></span> <span class='ocrx_word' id='word_1_78' title='bbox 1771 1360 1953 1413; x_wconf 79' lang='lat' dir='ltr'><strong>ignorata</strong></span> <span class='ocrx_word' id='word_1_79' title='bbox 1988 1367 2032 1401; x_wconf 89' lang='lat' dir='ltr'><strong>et</strong></span> <span class='ocrx_word' id='word_1_80' title='bbox 2063 1367 2197 1413; x_wconf 85' lang='lat' dir='ltr'><strong>spreta</strong></span> 
     </span>
     <span class='ocr_line' id='line_1_12' title="bbox 483 1453 2196 1523; baseline 0 -12"><span class='ocrx_word' id='word_1_81' title='bbox 483 1471 608 1511; x_wconf 84' lang='lat' dir='ltr'><strong>nativi</strong></span> <span class='ocrx_word' id='word_1_82' title='bbox 635 1480 678 1511; x_wconf 88' lang='lat' dir='ltr'><strong>et</strong></span> <span class='ocrx_word' id='word_1_83' title='bbox 705 1472 860 1523; x_wconf 81' lang='lat' dir='ltr'><strong>antiqui</strong></span> <span class='ocrx_word' id='word_1_84' title='bbox 889 1471 1083 1512; x_wconf 84' lang='lat' dir='ltr'><strong>sermonis</strong></span> <span class='ocrx_word' id='word_1_85' title='bbox 1117 1472 1303 1511; x_wconf 81' lang='lat' dir='ltr'><strong>castitate</strong></span> <span class='ocrx_word' id='word_1_86' title='bbox 1320 1500 1330 1515; x_wconf 91' lang='lat'><strong>,</strong></span> <span class='ocrx_word' id='word_1_87' title='bbox 1356 1453 1431 1522; x_wconf 80' lang='lat' dir='ltr'><strong>ipsi</strong></span> <span class='ocrx_word' id='word_1_88' title='bbox 1458 1456 1643 1510; x_wconf 81' lang='lat' dir='ltr'><strong>doctores</strong></span> <span class='ocrx_word' id='word_1_89' title='bbox 1678 1478 1814 1510; x_wconf 81' lang='lat' dir='ltr'><strong>vetera</strong></span> <span class='ocrx_word' id='word_1_90' title='bbox 1841 1478 2102 1511; x_wconf 82' lang='lat' dir='ltr'><strong>monumenta</strong></span> <span class='ocrx_word' id='word_1_91' title='bbox 2130 1484 2196 1511; x_wconf 83' lang='lat' dir='ltr'><strong>ex·</strong></span> 
     </span>
     <span class='ocr_line' id='line_1_13' title="bbox 478 1579 2197 1634; baseline 0.001 -14"><span class='ocrx_word' id='word_1_92' title='bbox 478 1582 650 1634; x_wconf 84' lang='lat' dir='ltr'><strong>plicare,</strong></span> <span class='ocrx_word' id='word_1_93' title='bbox 681 1582 714 1621; x_wconf 93' lang='lat' dir='ltr'><strong>si</strong></span> <span class='ocrx_word' id='word_1_94' title='bbox 742 1582 805 1621; x_wconf 90' lang='lat' dir='ltr'><strong>dis</strong></span> <span class='ocrx_word' id='word_1_95' title='bbox 832 1583 988 1634; x_wconf 81' lang='lat' dir='ltr'><strong>placet,</strong></span> <span class='ocrx_word' id='word_1_96' title='bbox 1015 1581 1223 1634; x_wconf 75' lang='lat' dir='ltr'><strong>discipulis</strong></span> <span class='ocrx_word' id='word_1_97' title='bbox 1261 1581 1346 1619; x_wconf 89' lang='lat' dir='ltr'><strong>suis</strong></span> <span class='ocrx_word' id='word_1_98' title='bbox 1382 1586 1648 1625; x_wconf 75' lang='lat' dir='ltr'><strong>conarentur,</strong></span> <span class='ocrx_word' id='word_1_99' title='bbox 1688 1579 1741 1620; x_wconf 87' lang='lat' dir='ltr'><strong>de</strong></span> <span class='ocrx_word' id='word_1_100' title='bbox 1776 1581 1898 1620; x_wconf 84' lang='lat' dir='ltr'><strong>rebus</strong></span> <span class='ocrx_word' id='word_1_101' title='bbox 1932 1581 2082 1621; x_wconf 85' lang='lat' dir='ltr'><strong>scilicet</strong></span> <span class='ocrx_word' id='word_1_102' title='bbox 2117 1594 2197 1621; x_wconf 91' lang='lat' dir='ltr'><strong>ma-</strong></span> 
     </span>
     <span class='ocr_line' id='line_1_14' title="bbox 479 1690 2198 1745; baseline -0.001 -13"><span class='ocrx_word' id='word_1_103' title='bbox 479 1693 564 1745; x_wconf 84' lang='lat' dir='ltr'><strong>gis,</strong></span> <span class='ocrx_word' id='word_1_104' title='bbox 593 1704 714 1744; x_wconf 90' lang='lat' dir='ltr'><strong>quam</strong></span> <span class='ocrx_word' id='word_1_105' title='bbox 742 1691 793 1732; x_wconf 92' lang='lat' dir='ltr'><strong>de</strong></span> <span class='ocrx_word' id='word_1_106' title='bbox 827 1690 961 1733; x_wconf 80' lang='lat' dir='ltr'><strong>verbis</strong></span> <span class='ocrx_word' id='word_1_107' title='bbox 986 1691 1159 1732; x_wconf 80' lang='lat' dir='ltr'><strong>solliciti.</strong></span> <span class='ocrx_word' id='word_1_108' title='bbox 1215 1690 1317 1732; x_wconf 87' lang='lat' dir='ltr'><strong>Hinc</strong></span> <span class='ocrx_word' id='word_1_109' title='bbox 1353 1691 1505 1731; x_wconf 81' lang='lat' dir='ltr'><strong>sactum</strong></span> <span class='ocrx_word' id='word_1_110' title='bbox 1533 1698 1595 1730; x_wconf 86' lang='lat' dir='ltr'><strong>est</strong></span> <span class='ocrx_word' id='word_1_111' title='bbox 1625 1699 1671 1731; x_wconf 90' lang='lat' dir='ltr'><strong>ut</strong></span> <span class='ocrx_word' id='word_1_112' title='bbox 1697 1693 1838 1733; x_wconf 86' lang='lat' dir='ltr'><strong>multis</strong></span> <span class='ocrx_word' id='word_1_113' title='bbox 1864 1693 2047 1745; x_wconf 87' lang='lat' dir='ltr'><strong>partibus</strong></span> <span class='ocrx_word' id='word_1_114' title='bbox 2069 1692 2198 1732; x_wconf 84' lang='lat' dir='ltr'><strong>desor-</strong></span> 
     </span>
     <span class='ocr_line' id='line_1_15' title="bbox 475 1800 2194 1855; baseline 0.001 -13"><span class='ocrx_word' id='word_1_115' title='bbox 475 1808 688 1843; x_wconf 76' lang='lat' dir='ltr'><strong>mai-entur</strong></span> <span class='ocrx_word' id='word_1_116' title='bbox 715 1802 983 1854; x_wconf 84' lang='lat' dir='ltr'><strong>pulcherrima</strong></span> <span class='ocrx_word' id='word_1_117' title='bbox 1022 1814 1165 1853; x_wconf 85' lang='lat' dir='ltr'><strong>opera,</strong></span> <span class='ocrx_word' id='word_1_118' title='bbox 1202 1808 1273 1840; x_wconf 88' lang='lat' dir='ltr'><strong>aut</strong></span> <span class='ocrx_word' id='word_1_119' title='bbox 1309 1800 1505 1841; x_wconf 89' lang='lat' dir='ltr'><strong>barbariei</strong></span> <span class='ocrx_word' id='word_1_120' title='bbox 1540 1808 1582 1853; x_wconf 79' lang='lat' dir='ltr'><strong>et</strong></span> <span class='ocrx_word' id='word_1_121' title='bbox 1618 1802 1777 1842; x_wconf 83' lang='lat' dir='ltr'><strong>ridiculi</strong></span> <span class='ocrx_word' id='word_1_122' title='bbox 1813 1803 1988 1855; x_wconf 89' lang='lat' dir='ltr'><strong>stuporis</strong></span> <span class='ocrx_word' id='word_1_123' title='bbox 2024 1804 2194 1843; x_wconf 89' lang='lat' dir='ltr'><strong>maculis</strong></span> 
     </span>
     <span class='ocr_line' id='line_1_16' title="bbox 473 1885 2192 1968; baseline 0.001 -14"><span class='ocrx_word' id='word_1_124' title='bbox 473 1915 806 1967; x_wconf 82' lang='lat' dir='ltr'><strong>inquinarentur,</strong></span> <span class='ocrx_word' id='word_1_125' title='bbox 843 1925 894 1954; x_wconf 90' lang='lat' dir='ltr'><strong>ne</strong></span> <span class='ocrx_word' id='word_1_126' title='bbox 932 1912 1138 1966; x_wconf 86' lang='lat' dir='ltr'><strong>archetypi</strong></span> <span class='ocrx_word' id='word_1_127' title='bbox 1174 1911 1337 1965; x_wconf 88' lang='lat' dir='ltr'><strong>quidem</strong></span> <span class='ocrx_word' id='word_1_128' title='bbox 1363 1885 1614 1965; x_wconf 50' lang='lat' dir='ltr'><strong>&#39;Madvigiani</strong></span> <span class='ocrx_word' id='word_1_129' title='bbox 1657 1925 1755 1965; x_wconf 89' lang='lat' dir='ltr'><strong>ope,</strong></span> <span class='ocrx_word' id='word_1_130' title='bbox 1793 1914 1825 1953; x_wconf 92' lang='lat' dir='ltr'><strong>si</strong></span> <span class='ocrx_word' id='word_1_131' title='bbox 1855 1914 2017 1967; x_wconf 91' lang='lat' dir='ltr'><strong>quando</strong></span> <span class='ocrx_word' id='word_1_132' title='bbox 2045 1916 2192 1968; x_wconf 86' lang='lat' dir='ltr'><strong>reperi-</strong></span> 
     </span>
     <span class='ocr_line' id='line_1_17' title="bbox 472 2022 2187 2076; baseline 0.001 -11"><span class='ocrx_word' id='word_1_133' title='bbox 472 2032 609 2070; x_wconf 85' lang='lat' dir='ltr'><strong>retur,</strong></span> <span class='ocrx_word' id='word_1_134' title='bbox 649 2023 843 2064; x_wconf 84' lang='lat' dir='ltr'><strong>eluendis,</strong></span> <span class='ocrx_word' id='word_1_135' title='bbox 907 2022 1063 2076; x_wconf 82' lang='lat' dir='ltr'><strong>Igitur,</strong></span> <span class='ocrx_word' id='word_1_136' title='bbox 1102 2035 1344 2075; x_wconf 87' lang='lat' dir='ltr'><strong>quamquam</strong></span> <span class='ocrx_word' id='word_1_137' title='bbox 1379 2022 1713 2074; x_wconf 79' lang='lat' dir='ltr'><strong>postremissimum</strong></span> <span class='ocrx_word' id='word_1_138' title='bbox 1753 2022 1929 2064; x_wconf 87' lang='lat' dir='ltr'><strong>Graccho</strong></span> <span class='ocrx_word' id='word_1_139' title='bbox 1965 2026 2187 2066; x_wconf 87' lang='lat' dir='ltr'><strong>concedens</strong></span> 
     </span>
     <span class='ocr_line' id='line_1_18' title="bbox 475 2133 2187 2188; baseline 0.001 -12"><span class='ocrx_word' id='word_1_140' title='bbox 475 2135 595 2188; x_wconf 87' lang='lat' dir='ltr'><strong>(apud</strong></span> <span class='ocrx_word' id='word_1_141' title='bbox 622 2134 795 2174; x_wconf 89' lang='lat' dir='ltr'><strong>Gellium</strong></span> <span class='ocrx_word' id='word_1_142' title='bbox 818 2133 898 2175; x_wconf 89' lang='lat' dir='ltr'><strong>XV.</strong></span> <span class='ocrx_word' id='word_1_143' title='bbox 929 2135 989 2173; x_wconf 77' lang='lat'><strong>12.</strong></span> <span class='ocrx_word' id='word_1_144' title='bbox 1020 2134 1084 2186; x_wconf 83' lang='lat'><strong>5),</strong></span> <span class='ocrx_word' id='word_1_145' title='bbox 1110 2133 1424 2185; x_wconf 80' lang='lat' dir='ltr'><strong>perfectissimum</strong></span> <span class='ocrx_word' id='word_1_146' title='bbox 1451 2133 1630 2173; x_wconf 88' lang='lat' dir='ltr'><strong>Ciceroni</strong></span> <span class='ocrx_word' id='word_1_147' title='bbox 1659 2135 1925 2176; x_wconf 80' lang='lat' dir='ltr'><strong>auferendum</strong></span> <span class='ocrx_word' id='word_1_148' title='bbox 1953 2137 2187 2177; x_wconf 85' lang='lat' dir='ltr'><strong>censebam.</strong></span> 
     </span>
     <span class='ocr_line' id='line_1_19' title="bbox 473 2243 2190 2298; baseline 0.001 -12"><span class='ocrx_word' id='word_1_149' title='bbox 473 2246 579 2298; x_wconf 91' lang='lat' dir='ltr'><strong>quod</strong></span> <span class='ocrx_word' id='word_1_150' title='bbox 609 2246 650 2285; x_wconf 91' lang='lat' dir='ltr'><strong>in</strong></span> <span class='ocrx_word' id='word_1_151' title='bbox 679 2245 804 2298; x_wconf 87' lang='lat' dir='ltr'><strong>prima</strong></span> <span class='ocrx_word' id='word_1_152' title='bbox 832 2244 1091 2285; x_wconf 79' lang='lat' dir='ltr'><strong>annotatione</strong></span> <span class='ocrx_word' id='word_1_153' title='bbox 1128 2243 1236 2290; x_wconf 87' lang='lat' dir='ltr'><strong>dixi,</strong></span> <span class='ocrx_word' id='word_1_154' title='bbox 1265 2256 1507 2297; x_wconf 80' lang='lat' dir='ltr'><strong>quamquam</strong></span> <span class='ocrx_word' id='word_1_155' title='bbox 1536 2257 1581 2285; x_wconf 88' lang='lat' dir='ltr'><strong>ea</strong></span> <span class='ocrx_word' id='word_1_156' title='bbox 1613 2244 1738 2284; x_wconf 81' lang='lat' dir='ltr'><strong>forma</strong></span> <span class='ocrx_word' id='word_1_157' title='bbox 1767 2253 1808 2285; x_wconf 88' lang='lat' dir='ltr'><strong>et</strong></span> <span class='ocrx_word' id='word_1_158' title='bbox 1846 2254 1981 2298; x_wconf 89' lang='lat' dir='ltr'><strong>postea</strong></span> <span class='ocrx_word' id='word_1_159' title='bbox 2011 2247 2190 2295; x_wconf 83' lang='lat' dir='ltr'><strong>Quincti-</strong></span> 
     </span>
     <span class='ocr_line' id='line_1_20' title="bbox 470 2355 2189 2411; baseline 0.003 -16"><span class='ocrx_word' id='word_1_160' title='bbox 470 2358 601 2397; x_wconf 86' lang='lat' dir='ltr'><strong>lianus</strong></span> <span class='ocrx_word' id='word_1_161' title='bbox 644 2369 742 2397; x_wconf 92' lang='lat' dir='ltr'><strong>usus</strong></span> <span class='ocrx_word' id='word_1_162' title='bbox 777 2362 865 2405; x_wconf 85' lang='lat' dir='ltr'><strong>est,</strong></span> <span class='ocrx_word' id='word_1_163' title='bbox 906 2364 946 2397; x_wconf 84' lang='lat' dir='ltr'><strong>et</strong></span> <span class='ocrx_word' id='word_1_164' title='bbox 983 2356 1150 2396; x_wconf 87' lang='lat' dir='ltr'><strong>sortasse</strong></span> <span class='ocrx_word' id='word_1_165' title='bbox 1188 2355 1358 2396; x_wconf 86' lang='lat' dir='ltr'><strong>aliorum</strong></span> <span class='ocrx_word' id='word_1_166' title='bbox 1399 2367 1559 2408; x_wconf 87' lang='lat' dir='ltr'><strong>quoque</strong></span> <span class='ocrx_word' id='word_1_167' title='bbox 1603 2357 1896 2398; x_wconf 88' lang='lat' dir='ltr'><strong>consuetudine</strong></span> <span class='ocrx_word' id='word_1_168' title='bbox 1934 2358 2189 2411; x_wconf 85' lang='lat' dir='ltr'><strong>probabatur.</strong></span> 
     </span>
     <span class='ocr_line' id='line_1_21' title="bbox 470 2436 2191 2520; baseline 0.001 -12"><span class='ocrx_word' id='word_1_169' title='bbox 470 2468 549 2508; x_wconf 89' lang='lat' dir='ltr'><strong>Sed</strong></span> <span class='ocrx_word' id='word_1_170' title='bbox 578 2436 705 2520; x_wconf 77' lang='lat' dir='ltr'><strong>quum</strong></span> <span class='ocrx_word' id='word_1_171' title='bbox 733 2467 1020 2520; x_wconf 89' lang='lat' dir='ltr'><strong>propemodum</strong></span> <span class='ocrx_word' id='word_1_172' title='bbox 1049 2478 1212 2511; x_wconf 88' lang='lat' dir='ltr'><strong>omnes,</strong></span> <span class='ocrx_word' id='word_1_173' title='bbox 1250 2468 1319 2518; x_wconf 91' lang='lat' dir='ltr'><strong>qui</strong></span> <span class='ocrx_word' id='word_1_174' title='bbox 1349 2466 1581 2506; x_wconf 88' lang='lat' dir='ltr'><strong>Ciceronem</strong></span> <span class='ocrx_word' id='word_1_175' title='bbox 1619 2468 1681 2507; x_wconf 90' lang='lat' dir='ltr'><strong>vel</strong></span> <span class='ocrx_word' id='word_1_176' title='bbox 1711 2469 1886 2508; x_wconf 89' lang='lat' dir='ltr'><strong>summis</strong></span> <span class='ocrx_word' id='word_1_177' title='bbox 1914 2469 2191 2509; x_wconf 76' lang='lat' dir='ltr'><strong>laudibus-es-</strong></span> 
     </span>
     <span class='ocr_line' id='line_1_22' title="bbox 472 2568 2189 2641; baseline 0.001 -22"><span class='ocrx_word' id='word_1_178' title='bbox 472 2580 600 2622; x_wconf 81' lang='lat' dir='ltr'><strong>ferre,</strong></span> <span class='ocrx_word' id='word_1_179' title='bbox 629 2579 694 2619; x_wconf 89' lang='lat' dir='ltr'><strong>vel</strong></span> <span class='ocrx_word' id='word_1_180' title='bbox 708 2576 1000 2633; x_wconf 73' lang='lat' dir='ltr'><strong>reprehendere</strong></span> <span class='ocrx_word' id='word_1_181' title='bbox 1029 2578 1138 2618; x_wconf 89' lang='lat' dir='ltr'><strong>soliti</strong></span> <span class='ocrx_word' id='word_1_182' title='bbox 1163 2585 1282 2623; x_wconf 89' lang='lat' dir='ltr'><strong>sunt,</strong></span> <span class='ocrx_word' id='word_1_183' title='bbox 1312 2590 1411 2617; x_wconf 89' lang='lat' dir='ltr'><strong>unas</strong></span> <span class='ocrx_word' id='word_1_184' title='bbox 1440 2577 1529 2641; x_wconf 77' lang='lat' dir='ltr'><strong>eius</strong></span> <span class='ocrx_word' id='word_1_185' title='bbox 1552 2578 1689 2619; x_wconf 89' lang='lat' dir='ltr'><strong>literas</strong></span> <span class='ocrx_word' id='word_1_186' title='bbox 1712 2579 1914 2626; x_wconf 83' lang='lat' dir='ltr'><strong>forenses,</strong></span> <span class='ocrx_word' id='word_1_187' title='bbox 1946 2588 1992 2620; x_wconf 89' lang='lat' dir='ltr'><strong>ut</strong></span> <span class='ocrx_word' id='word_1_188' title='bbox 2015 2568 2099 2633; x_wconf 85' lang='lat' dir='ltr'><strong>ipse</strong></span> <span class='ocrx_word' id='word_1_189' title='bbox 2124 2594 2189 2633; x_wconf 88' lang='lat' dir='ltr'><strong>ap-</strong></span> 
     </span>
     <span class='ocr_line' id='line_1_23' title="bbox 471 2689 2188 2744; baseline 0.001 -13"><span class='ocrx_word' id='word_1_190' title='bbox 471 2691 616 2744; x_wconf 87' lang='lat' dir='ltr'><strong>pellat,</strong></span> <span class='ocrx_word' id='word_1_191' title='bbox 659 2697 700 2731; x_wconf 88' lang='lat' dir='ltr'><strong>et-</strong></span> <span class='ocrx_word' id='word_1_192' title='bbox 728 2690 905 2730; x_wconf 80' lang='lat' dir='ltr'><strong>actiones</strong></span> <span class='ocrx_word' id='word_1_193' title='bbox 933 2690 1194 2735; x_wconf 87' lang='lat' dir='ltr'><strong>intueantur,</strong></span> <span class='ocrx_word' id='word_1_194' title='bbox 1231 2689 1340 2730; x_wconf 85' lang='lat' dir='ltr'><strong>haud</strong></span> <span class='ocrx_word' id='word_1_195' title='bbox 1377 2696 1485 2730; x_wconf 88' lang='lat' dir='ltr'><strong>certe</strong></span> <span class='ocrx_word' id='word_1_196' title='bbox 1519 2690 1654 2731; x_wconf 90' lang='lat' dir='ltr'><strong>minus</strong></span> <span class='ocrx_word' id='word_1_197' title='bbox 1695 2698 1831 2731; x_wconf 88' lang='lat' dir='ltr'><strong>nostra</strong></span> <span class='ocrx_word' id='word_1_198' title='bbox 1869 2691 2064 2732; x_wconf 88' lang='lat' dir='ltr'><strong>interesse</strong></span> <span class='ocrx_word' id='word_1_199' title='bbox 2105 2694 2188 2733; x_wconf 85' lang='lat' dir='ltr'><strong>exi·</strong></span> 
     </span>
     <span class='ocr_line' id='line_1_24' title="bbox 472 2800 2190 2859; baseline 0.002 -16"><span class='ocrx_word' id='word_1_200' title='bbox 472 2802 591 2843; x_wconf 91' lang='lat' dir='ltr'><strong>stimo</strong></span> <span class='ocrx_word' id='word_1_201' title='bbox 620 2809 667 2843; x_wconf 89' lang='lat' dir='ltr'><strong>ut</strong></span> <span class='ocrx_word' id='word_1_202' title='bbox 694 2800 978 2855; x_wconf 87' lang='lat' dir='ltr'><strong>perspiciamus</strong></span> <span class='ocrx_word' id='word_1_203' title='bbox 1018 2815 1097 2855; x_wconf 90' lang='lat' dir='ltr'><strong>qua</strong></span> <span class='ocrx_word' id='word_1_204' title='bbox 1134 2808 1218 2842; x_wconf 90' lang='lat' dir='ltr'><strong>arte</strong></span> <span class='ocrx_word' id='word_1_205' title='bbox 1247 2814 1345 2842; x_wconf 92' lang='lat' dir='ltr'><strong>usus</strong></span> <span class='ocrx_word' id='word_1_206' title='bbox 1382 2802 1434 2842; x_wconf 85' lang='lat' dir='ltr'><strong>sit</strong></span> <span class='ocrx_word' id='word_1_207' title='bbox 1468 2804 1509 2843; x_wconf 94' lang='lat' dir='ltr'><strong>in</strong></span> <span class='ocrx_word' id='word_1_208' title='bbox 1544 2802 1613 2844; x_wconf 90' lang='lat' dir='ltr'><strong>illo</strong></span> <span class='ocrx_word' id='word_1_209' title='bbox 1654 2803 1811 2844; x_wconf 86' lang='lat' dir='ltr'><strong>modico</strong></span> <span class='ocrx_word' id='word_1_210' title='bbox 1840 2810 1880 2843; x_wconf 91' lang='lat' dir='ltr'><strong>et</strong></span> <span class='ocrx_word' id='word_1_211' title='bbox 1918 2805 2095 2845; x_wconf 91' lang='lat' dir='ltr'><strong>tenuiori</strong></span> <span class='ocrx_word' id='word_1_212' title='bbox 2124 2818 2190 2859; x_wconf 85' lang='lat' dir='ltr'><strong>ge-</strong></span> 
     </span>
    </p>
   </div>
   <div class='ocr_carea' id='block_1_5' title="bbox 471 2913 2189 2965">
    <p class='ocr_par' dir='ltr' id='par_1_5' title="bbox 471 2913 2189 2965">
     <span class='ocr_line' id='line_1_25' title="bbox 471 2913 2189 2965; baseline 0.002 -10"><span class='ocrx_word' id='word_1_213' title='bbox 471 2926 566 2955; x_wconf 86' lang='lat' dir='ltr'><strong>nere</strong></span> <span class='ocrx_word' id='word_1_214' title='bbox 593 2913 815 2955; x_wconf 87' lang='lat' dir='ltr'><strong>disserendi</strong></span> <span class='ocrx_word' id='word_1_215' title='bbox 843 2921 885 2955; x_wconf 89' lang='lat' dir='ltr'><strong>et</strong></span> <span class='ocrx_word' id='word_1_216' title='bbox 922 2913 1145 2954; x_wconf 79' lang='lat' dir='ltr'><strong>sententiae</strong></span> <span class='ocrx_word' id='word_1_217' title='bbox 1180 2926 1260 2953; x_wconf 91' lang='lat' dir='ltr'><strong>non</strong></span> <span class='ocrx_word' id='word_1_218' title='bbox 1308 2913 1499 2956; x_wconf 85' lang='lat' dir='ltr'><strong>dicendae</strong></span> <span class='ocrx_word' id='word_1_219' title='bbox 1536 2916 1605 2957; x_wconf 87' lang='lat' dir='ltr'><strong>sed</strong></span> <span class='ocrx_word' id='word_1_220' title='bbox 1644 2915 1994 2958; x_wconf 87' lang='lat' dir='ltr'><strong>demonstrandae.</strong></span> <span class='ocrx_word' id='word_1_221' title='bbox 2067 2916 2189 2965; x_wconf 90' lang='lat' dir='ltr'><strong>Nam,</strong></span> 
     </span>
    </p>
   </div>
   <div class='ocr_carea' id='block_1_6' title="bbox 1890 3031 1966 3065">
    <p class='ocr_par' dir='ltr' id='par_1_6' title="bbox 1890 3031 1966 3065">
     <span class='ocr_line' id='line_1_26' title="bbox 1890 3031 1966 3065; baseline -0.013 0"><span class='ocrx_word' id='word_1_222' title='bbox 1890 3031 1966 3065; x_wconf 57' lang='lat'><strong>11&gt;</strong></span> 
     </span>
    </p>
   </div>
  </div>
 </body>
</html>
