2767 3789
1238 418 1291 458 61

411 579 460 614 ut
492 568 713 611 orationem
740 568 791 609 ad
818 567 886 615 id,
915 567 1199 622 quodcumque
1225 569 1413 616 deceret,
1454 569 1787 611 accommodaret.
1843 567 2021 614 Deinde,
2049 581 2130 609 non

411 683 495 736 ipse
531 688 697 722 ornatus
741 679 983 724 adnm-abilis
1021 679 1103 721 diei
1138 688 1296 733 potest,
1337 681 1409 723 sed
1452 681 1609 722 efficere
1645 688 1694 722 ut
1731 681 1859 721 oratio
1903 680 1957 720 sit
2004 679 2129 722 admi-

411 794 570 838 rabitis.
607 792 728 833 sicuti
768 790 889 831 modo
928 782 1095 845 5122,
1135 781 1177 832 et
1217 803 1314 832 mox
1346 803 1441 844 pars
1484 792 1667 833 orationis
1710 791 1860 832 dicitur
1898 787 2127 838 laudabam,

409 913 449 946 et
477 904 631 959 5128,
673 900 916 944 admirabilis
947 902 1168 955 eloquentia.
1223 902 1351 950 Tum,
1393 915 1519 955 quum
1535 914 1617 955 ’per
1645 915 1687 944 se
1727 873 1836 944 recte
1877 903 2036 945 dicatur
2068 917 2125 944 or-

409 1021 523 1058 natus
551 1014 718 1068 duplex,
757 1020 804 1053 ut
844 1013 876 1067 S
898 1015 961 1054 80.
999 1014 1112 1063 init.,
1154 981 1461 1066 improbandum
1504 1016 1536 1054 si
1571 1014 1731 1054 dicatur
1771 1027 1916 1054 omnem
1952 1020 2125 1054 ornatum

409 1140 488 1165 esse
532 1099 744 1177 duplicent,
783 1125 808 1165 i.
842 1137 877 1163 e.
924 1125 1120 1176 quemvis.
1185 1125 1293 1172 Quid
1333 1132 1539 1177 praeterea
1582 1125 1657 1166 hoe
1699 1133 1785 1174 est,
1828 1127 1937 1177 quod
1959 1119 2128 1166 'dicitur

409 1235 489 1278 eius
519 1234 663 1290 duplae
698 1239 877 1285 ornatus,
917 1242 963 1280 ut
999 1211 1215 1292 piaccipiat
1251 1237 1349 1291 quid
1384 1237 1612 1301 faciendum
1649 1237 1701 1279 sit
1738 1239 1912 1286 oratori,
1956 1250 2037 1279 non
2082 1247 2127 1277 ut

410 1351 633 1389 doctrinam
670 1351 867 1402 explicet,
909 1350 951 1388 in
988 1363 1069 1401 quo
1101 1363 1288 1402 praesens
1326 1358 1486 1391 tantum
1523 1355 1685 1401 tempus
1719 1340 1905 1401 osui-pari
1943 1349 2122 1401 poterit?

408 1461 440 1515 ὃ
460 1462 523 1503 80.
554 1450 644 1503 1281
672 1462 762 1503 185.
791 1467 871 1502 cet.
922 1460 1007 1503 Hoc
1028 1474 1194 1515 quoque
1231 1461 1444 1505 ferendum
1482 1462 1550 1502 vix
1584 1468 1671 1508 est,
1716 1461 1824 1515 quod
1860 1461 2011 1502 dicitur
2047 1462 2126 1500 eius

410 1580 599 1623 ornatus,
620 1574 644 1613 i.
668 1585 704 1613 e.
733 1572 927 1613 oratoris:
958 1573 1061 1613 solet
1088 1573 1195 1613 enim
1233 1576 1400 1613 <imatus
1428 1573 1493 1612 vel
1521 1573 1693 1613 orationi
1721 1573 1867 1617 tribui,
1907 1573 1970 1614 vel
1996 1572 2127 1611 verbis

412 1697 453 1727 et
481 1684 715 1733 sententiis,
751 1674 793 1725 et
820 1692 929 1726 recte
956 1684 1108 1726 dicitur
1129 1689 1288 1739 ornatus
1323 1677 1474 1726 dicendi
1508 1684 1541 1739 §
1568 1686 1643 1735 97,
1682 1691 1770 1727 tum
1809 1684 2008 1726 adiectivo
2047 1686 2128 1736 ipse

410 1808 569 1850 quoque
595 1799 724 1835 orator
751 1795 901 1835 dicitur
923 1800 1103 1842 ornatas,
1134 1802 1181 1835 ut
1204 1794 1313 1848 597.
1341 1795 1398 1835 De
1422 1794 1529 1836 Orat.
1544 1795 1609 1837 111.
1638 1795 1785 1850 §.103.
1823 1795 2007 1835 Por-tenti
2039 1796 2125 1834 loco

406 1909 507 1950 mihi
541 1915 789 1960 postremum
823 1914 910 1953 est,
950 1895 1086 1959 quum·
1111 1905 1262 1947 dicitur
1298 1906 1506 1958 eloquentia
1532 1907 1575 1948 in
1602 1911 1749 1948 tantum
1786 1906 1964 1946 honorem
1999 1918 2126 1945 ascen·

407 2020 495 2059 dere
526 2021 683 2071 propter
715 2017 823 2058 illam
862 2022 1050 2059 ornatam.
1106 2017 1286 2059 Primum
1323 2019 1507 2060 offendor
1534 2020 1618 2072 ipsa
1651 2019 1726 2059 hae
1751 2019 1981 2066 locutione,
2009 2019 2126 2056 cuin>

407 2128 682 2169 defendendae
710 2141 909 2181 nusquam
938 2131 979 2169 in
1006 2129 1195 2170 Cicerone
1224 2123 1675 2183 praesidium’reperio:
1715 2130 1784 2171 sed
1813 2130 1898 2182 ipsa
1929 2131 2126 2170 sententia

408 2241 542 2281 minus
570 2246 792 2293 opportuna
817 2248 904 2287 est,
932 2248 1022 2295 post
1048 2253 1095 2281 ea
1124 2254 1229 2294 quae
1263 2255 1381 2296 supra
1418 2242 1450 2296 5
1474 2244 1537 2282 97.
1574 2243 1680 2282 dicta
1716 2251 1857 2285 erant,
1895 2250 1982 2279 tum
2018 2244 2126 2291 quod

409 2336 486 2391 suov
510 2352 622 2397 loco,
655 2350 688 2403 ἓ
710 2351 811 2397 128,
839 2352 1091 2404 explicantur
1118 2365 1164 2392 ea
1192 2365 1295 2404 quae
1321 2352 1583 2393 admirabilem
1611 2352 1859 2404 eloquentiam
1885 2352 2045 2403 sacrant.

462 2462 541 2503 Sed
570 2462 780 2517 videamus
807 2476 855 2504 an
885 2476 977 2504 cum
1019 2465 1107 2505 istis
1134 2472 1243 2506 recte
1280 2471 1573 2505 connectantur
1614 2436 1844 2517 sequentia,
1886 2476 1978 2502 nam
2014 2475 2131 2514 quum

408 2573 529 2614 omnis
550 2585 646 2625 pars
672 2575 857 2615 orationis
888 2582 964 2617 cet.
1019 2574 1135 2623 Quod
1168 2574 1219 2615 ad
1244 2576 1468 2616 sentcntiae
1496 2576 1665 2617 sormam
1694 2576 1865 2619 attinet,
1904 2582 1995 2628 post
2032 2575 2098 2614 illa
2117 2607 2127 2619 ‚

409 2688 481 2728 erit
507 2686 649 2740 dupleae
675 2691 855 2735 ornatus,
897 2686 1204 2742 exspectabatur
1231 2694 1278 2729 ut
1306 2687 1443 2729 statim
1471 2689 1554 2731 duo
1584 2689 1652 2730 illa
1693 2691 1839 2742 genera
1868 2694 2129 2742 ponerentur.

412 2802 526 2844 Nune
553 2806 692 2841 contra
719 2800 905 2843 videmus
932 2812 1014 2843 non
1041 2800 1191 2855 expleri
1219 2800 1296 2851 id,·
1318 2800 1427 2854 quod
1464 2801 1581 2843 initio
1617 2802 1794 2856 positum
1823 2807 1932 2847 erat,
1964 2800 2036 2841 sed
2063 2812 2133 2841 no-

412 2928 502 2958 vam
530 2913 780 2956 sententiam·
807 2908 1014 2964 inchoari,
1050 2920 1092 2955 et
1129 2914 1246 2955 aliam
1284 2913 1423 2955 statim
1457 2913 1787 2957 distributionem
1825 2913 1996 2961 subiici,
2031 2922 2135 2964 quae
