2767 3789
1375 425 1431 466 56

534 576 625 614 sime
650 574 800 627 legitur
815 603 825 622 ,
863 586 934 626 pro
970 587 1065 615 vero
1100 574 1298 615 honestum
1333 587 1421 616 esse.
1478 575 1630 616 Eodem
1662 576 1839 628 pertinet
1855 606 1865 624 ‚
1893 578 2002 629 quod
2032 579 2151 621 toties
2173 578 2261 631 plu·

531 686 631 725 rima
659 685 930 727 substitutum
958 695 1019 728 est
1048 700 1142 728 vero
1171 688 1315 741 plura:
1342 688 1444 729 conf.
1475 687 1645 743 Madvig.
1675 688 1725 728 nd
1754 680 1841 730 Fid.
1864 687 1893 729 Ι.
1921 687 1955 743 S
1979 691 2040 730 15.

582 798 614 852 ὃ
643 800 679 839 5.
738 797 809 845 Ut,
849 811 962 851 quum
1002 813 1150 841 summa
1184 801 1416 841 miraremur
1431 833 1440 847 ‚
1476 801 1667 853 inferiora
1702 806 1827 842 tamen
1859 800 2118 853 probaremus.
2175 802 2257 842 Pri-

528 922 643 950 mum
673 911 770 950 satis
812 918 995 963 apertum
1035 919 1097 952 est
1134 912 1286 965 requiri
1314 925 1502 966 praesens
1538 902 1698 966 tempus
1740 915 1782 954 in
1825 919 1996 966 utroque
2034 911 2182 959 verbo;
2226 915 2257 954 si

533 1022 697 1072 quidem
731 1034 812 1061 non
851 1022 918 1061 de·
940 988 1043 1076 ipsis,
1070 1025 1148 1063 illis
1182 1023 1417 1076 opificibus,
1448 1025 1517 1075 qui
1556 1025 1748 1071 fuissent,
1789 1025 1859 1064 sed
1895 1025 1944 1065 de
1962 1024 2162 1076 -operibus
2194 1036 2257 1063 eo—

534 1147 650 1179 rum,
681 1146 783 1185 quae
812 1141 1043 1180 exstarent,
1074 1148 1204 1176 sermo
1233 1143 1314 1177 est:
1346 1148 1418 1177 nec
1447 1137 1571 1183 dixit,
1608 1136 1640 1192 ὃ
1661 1122 1717 1183 8,'
1737 1136 1902 1178 Phidiae
1923 1136 2134 1178 simulacra
2160 1136 2256 1177 vide-

531 1246 684 1292 bamus,
715 1245 784 1283 sed
812 1245 989 1284 videmus.
1048 1246 1184 1286 Utitur
1212 1259 1307 1286 sane
1336 1248 1538 1299 perfecte,
1567 1249 1744 1293 vidimus,
1775 1249 1862 1288 Nat.
1899 1248 2014 1288 Deor.
2043 1248 2108 1289 ΙΙΙ.
2136 1248 2168 1302 S
2194 1250 2254 1287 59.

528 1356 642 1403 init.‚
682 1356 751 1396 sed
789 1369 874 1396 rem
912 1364 1082 1403 notans,
1122 1370 1201 1397 non
1239 1358 1337 1398 artis
1375 1371 1475 1410 opus
1510 1370 1852 1399 commemorans:
1896 1371 2038 1398 rursus
2065 1358 2255 1408 videmus,

529 1469 623 1506 ibid.
659 1467 690 1519 S
715 1469 777 1506 65.
796 1499 805 1514 ‚
849 1469 890 1505 in
919 1477 1112 1520 perpetuo
1141 1470 1347 1523 religionis
1376 1477 1650 1510 monumento
1709 1469 2029 1509 Praeterea-non
2058 1470 2255 1509 assentior

530 1579 603 1625 iis,
642 1578 711 1630 qui
751 1578 910 1618 nullum
949 1579 1163 1619 discrimen
1188 1593 1275 1621 esse
1304 1588 1473 1632 putant,
1514 1588 1653 1620 utrum
1681 1579 1872 1620 admirati
1900 1592 1950 1619 an
1983 1578 2121 1618 mirari
2154 1580 2257 1619 dica-

520 1672 644 1729 mus:
675 1690 777 1729 conf.
808 1689 1106 1730 Drakenborch.
1138 1692 1187 1730 ad
1220 1691 1381 1731 Livium
1405 1691 1539 1731 XXVI.
1570 1692 1633 1730 22.
1664 1692 1726 1731 14.
1782 1690 1825 1730 ln
1851 1690 2083 1731 huiusmodi
2106 1697 2260 1730 contro-

531 1799 672 1842 versiis
689 1802 940 1855 singularum
965 1810 1145 1843 aetatum
1162 1835 1171 1849 ,
1201 1810 1242 1843 et
1268 1803 1521 1855 singulorum
1550 1801 1650 1843 adeo
1675 1803 1915 1855 scriptorum
1931 1771 2169 1854 inquirenda
2198 1810 2259 1842 est

531 1913 796 1953 consuetudo.
853 1912 1005 1965 Igitur,
1039 1928 1282 1966 quamquam
1312 1915 1412 1955 nihil
1441 1914 1775 1968 reprehendimus
1803 1915 1844 1953 in
1873 1914 2026 1966 poetis,
2057 1921 2117 1958 et,
2149 1914 2258 1953 verbi

531 2038 675 2072 rausa,
714 2026 754 2063 in
789 2023 940 2087 Rutilio
978 2025 1112 2076 Lupo,
1155 2027 1222 2065 ubi
1260 2026 1474 2078 Hyperidis
1508 2027 1641 2064 locum
1683 2023 1826 2063 Latine
1865 2024 2008 2068 vertit,
2040 2023 2084 2062 II.
2114 2025 2164 2067 6,
2195 2036 2258 2074 pa-

534 2137 682 2174 tienter
698 2136 864 2173 serimus
886 2138 917 2175 si
943 2138 1260 2177 vehementissime
1283 2137 1474 2177 admirari
1488 2139 1529 2177 in
1560 2136 1791 2188 turpissimo
1817 2136 1914 2176 vitio
1938 2137 2068 2187 ponit,
2099 2142 2260 2175 conten-

530 2248 664 2286 dimus
708 2263 727 2288 a
768 2249 958 2288 Cicerone
990 2250 1139 2287 servari
1169 2249 1332 2287 solitum
1363 2261 1449 2287 csse
1492 2248 1587 2295 hoc,
1631 2255 1677 2287 ut
1705 2247 1842 2287 mirari
1869 2247 2028 2287 dicatur
2056 2248 2140 2286 fere
2169 2259 2260 2286 cum

532 2361 845 2412 improbatione:
877 2361 1058 2410 exempla
1096 2368 1207 2397 tanto
1238 2372 1406 2397 numero
1446 2368 1564 2399 sunt.
1597 2367 1642 2396 ut
1681 2372 1726 2397 ea
1763 2359 1940 2398 indicare
1971 2370 2049 2396 non
2079 2359 2260 2396 attineat.

532 2473 710 2511 Subinde
742 2480 902 2515 tamen,
933 2472 992 2509 vel
1022 2484 1071 2510 cx
1102 2470 1252 2516 abusu,
1285 2472 1352 2521 qui
1379 2478 1467 2522 post
1498 2470 1688 2514 invaluit.
1721 2471 1783 2509 vel
1814 2469 1992 2509 socordia
2022 2482 2161 2508 eorum
2191 2470 2259 2519 qui

531 2585 652 2623 libros
681 2583 981 2623 describerent.
1012 2583 1192 2634 neglecta
1218 2590 1278 2622 est
1308 2582 1547 2634 praepositio
1578 2583 1617 2620 in
1647 2583 1867 2634 composito
1893 2582 2035 2626 verbo3
2065 2588 2105 2620 et
2134 2593 2260 2631 quum

532 2696 732 2735 artzmirari
761 2707 830 2747 pro
860 2694 1050 2734 admirari
1078 2694 1194 2733 scribi
1224 2695 1397 2738 soleret,
1436 2694 1551 2734 facilc
1582 2693 1823 2746 intelligitur
1853 2693 2055 2745 quomodo
2084 2706 2134 2732 ex
2163 2704 2260 2731 sum-

532 2820 594 2846 ma
622 2807 917 2846 ammiraremur
945 2807 1097 2845 sactum
1127 2806 1178 2844 sit
1207 2815 1353 2845 summa
1393 2805 1634 2845 miraremur.
1691 2804 1800 2844 Idem
1818 2837 1826 2850 ,
1857 2804 1997 2844 eadem
2027 2805 2078 2844 de
2115 2817 2233 2843 causa
2251 2835 2259 2847 ,

532 2919 677 2957 accidit
706 2919 737 2970 §
762 2921 857 2965 104,
902 2923 1048 2956 tantum
1076 2918 1202 2961 abest,
1246 2922 1285 2955 uc
1325 2922 1455 2955 nostra
1498 2916 1705 2955 miremur:
1749 2917 1829 2955 imo
1870 2918 2133 2956 admiremur:
2176 2924 2262 2955 tum
