2767 3789
1300 392 1356 436 52

454 561 583 600 quum
616 547 852 601 praesertim
895 546 1002 598 apud
1044 545 1136 585 illos
1172 555 1334 598 quoque
1378 553 1598 598 pronomen
1639 543 1968 596 accommodetur
2008 545 2189 593 obiecto,

458 659 565 711 quod
593 653 878 712 appellandum
918 659 996 706 sit,
1039 637 1162 697 sicuti
1199 657 1239 695 in
1275 655 1429 697 Platon.
1471 655 1567 708 Rep.
1598 654 1647 696 X.
1685 667 1722 707 p.
1746 655 1826 694 1596
1853 655 1907 709 C5,
1954 640 2192 698 to'rdesuoe

462 773 592 812 καλεῖς
630 770 698 806 τὸν
740 770 1006 820 δημιουργόν;
1045 769 1187 821 Itaque
1225 768 1406 820 suspicor
1438 735 1485 807 ‘in
1511 766 1569 821 [H.
1626 765 1682 807 De
1724 765 1889 821 orator—8
1930 764 1963 820 5
1992 768 2081 809 185.
2126 769 2193 811 fin.

461 878 748 931 corrigendum
777 891 863 918 esse
880 910 889 924 ,
918 878 998 918 Eos
1023 884 1150 918 autem
1176 878 1328 932 appello
1354 889 1431 918 nou
1457 878 1566 918 modo
1591 878 1658 930 qui
1681 881 1907 931 aryuuntur.
1935 899 1991 907 —-

517 989 668 1030 Eadem
710 990 870 1031 novitas
911 965 1218 1043 nonnumquam
1246 990 1539 1043 interpretibus
1579 989 1854 1031 obscuriorem
1893 989 2072 1030 reddidit
2108 1004 2194 1032 ora·

463 1101 585 1141 tionis
614 1102 859 1143 sententiam
876 1133 885 1148 ,
915 1115 1043 1156 quum
1071 1102 1308 1156 pracsertim
1345 1102 1386 1142 in
1415 1101 1538 1143 rebus
1565 1101 1849 1149 diversissimis
1889 1101 1997 1142 idem
2025 1104 2192 1145 verbum

466 1221 743 1265 usurparetur.
798 1214 1005 1266 Defungar
1034 1227 1116 1253 uno
1144 1214 1340 1266 exemplo.
1398 1215 1534 1261 Quum
1562 1215 1671 1254 enim
1699 1214 1742 1268 §-
1766 1214 1845 1254 206
1873 1221 2032 1264 exstet,
2060 1214 2195 1269 Ecopli-

463 1325 627 1364 candum
652 1324 767 1364 etiam
795 1331 849 1365 est
884 1326 985 1366 unde
1018 1331 1103 1366 orta
1130 1326 1178 1366 sit
1214 1325 1343 1377 forma
1378 1326 1601 1370 verborum,
1638 1325 1722 1365 duo
1756 1325 1831 1364 viri
1860 1325 1995 1371 docti,
2023 1327 2144 1378 sicuti
2173 1343 2195 1368 e

452 1436 590 1477 =Beieri
633 1438 896 1477 annotatione
939 1438 1148 1490 intelligo,
1186 1437 1354 1477 verbum
1393 1437 1521 1488 soma
1560 1435 1612 1475 de
1641 1435 1856 1476 verborum
1894 1435 2049 1490 origine
2088 1450 2195 1479 acce·

461 1555 632 1598 perunt:
676 1547 786 1600 quod
815 1549 961 1590 merito
999 1549 1229 1603 improbans
1266 1549 1458 1595 Beierus,
1498 1551 1608 1595 (nam
1649 1548 1855 1588 diceretur
1883 1547 1960 1596 sic,
1987 1549 2087 1588 unde
2112 1556 2196 1590 orta

462 1660 510 1698 sit
538 1660 644 1711 oriqo
671 1660 879 1711 verborum)
919 1659 1098 1708 »imm0‚
1128 1661 1286 1713 inquit,
1316 1630 1467 1713 pariter
1505 1668 1550 1701 ut
1586 1660 1618 1714 S
1640 1662 1714 1700 211
1761 1660 1854 1700 haec
1880 1660 2008 1711 forma
2035 1668 2097 1701 est
2127 1673 2196 1701 nu-

464 1783 608 1811 merosa
645 1772 803 1812 oratio?
861 1771 948 1812 Non
987 1779 1144 1825 poterat
1185 1766 1317 1825 magis'
1354 1784 1499 1813 errare.
1566 1771 1692 1816 Nam,
1731 1771 1839 1823 quod
1882 1785 1932 1811 ex
1971 1772 2054 1825 ipsa
2093 1773 2195 1813 serie

463 1883 751 1933 disputationis
780 1884 1006 1936 intelligere
1036 1884 1154 1929 licet,
1195 1884 1330 1937 agitur
1357 1884 1408 1923 de
1443 1883 1512 1923 illo
1546 1882 1743 1929 artificio,
1773 1894 1852 1934 quo
1891 1883 2011 1924 verba
2041 1884 2080 1924 in
2116 1897 2196 1925 am-

463 1995 595 2034 bitum
625 1996 739 2036 illum
769 2003 811 2036 et
839 1996 1241 2049 comprehensionem
1272 2002 1486 2047 aptantur,
1516 1994 1634 2034 cuius
1662 1994 1882 2034 auctoritas
1920 2007 2013 2034 mox
2051 1994 2082 2046 §
2107 1998 2197 2036 207.

464 2106 513 2145 ab
557 2105 731 2146 Isocrate
769 2115 811 2147 ct
840 2107 1097 2160 Theopompo
1132 2096 1357 2160 repetitur:
1396 2118 1635 2146 numerosae
1664 2093 2086 2161 orationis'originem
2116 2107 2194 2147 iam

464 2224 557 2257 ante
586 2219 857 2271 explicuerat;
889 2219 1025 2271 itaque
1062 2219 1208 2272 §172
1249 2219 1409 2259 dixerat
1440 2231 1527 2258 eam
1562 2217 1752 2258 inventam
1789 2231 1890 2257 esse:
1931 2232 2008 2270 qua
2040 2220 2195 2258 ratione

463 2337 600 2370 autem
630 2329 746 2370 fieret
776 2342 993 2371 numerosa
1018 2331 1168 2378 oratio,
1198 2337 1288 2382 post
1312 2330 1519 2380 aliquanto
1539 2330 1723 2381 explicat.
1780 2328 1935 2369 Rursus
1965 2331 2039 2370 alia
2069 2332 2194 2381 forma

463 2450 549 2501 est,
586 2454 706 2494 quam
736 2442 910 2494 explicat
938 2442 970 2496 ᾖ
995 2444 1084 2482 154.

519 2554 739 2605 Aliquanto
768 2553 976 2594 difficilius
1000 2562 1061 2594 est
1090 2568 1160 2608 per
1184 2561 1318 2595 totum
1347 2553 1495 2593 librum
1524 2553 1716 2598 definire,
1747 2554 1843 2605 quid
1870 2561 1956 2594 tum
1991 2556 2031 2594 in
2061 2556 2196 2607 singu-

465 2667 512 2706 lis
549 2665 702 2714 verbis,
742 2674 829 2706 tum
868 2666 910 2707 in
948 2667 1244 2707 sententiarum
1267 2666 1557 2718 compositione
1596 2678 1688 2705 vere
1725 2679 1745 2705 a
1779 2667 1969 2707 Cicerone
2004 2668 2198 2720 scriptum

463 2792 550 2818 csse
589 2778 788 2820 videatur.
845 2778 902 2819 De
930 2778 1127 2819 librorum
1159 2779 1524 2831 manuscriptorum
1554 2778 1711 2819 diversa
1741 2779 1991 2824 conditione,
2030 2788 2071 2819 ct
2102 2793 2197 2830 quo-

462 2890 584 2931 modo
614 2890 765 2931 factum
795 2891 847 2931 sit
878 2898 924 2933 ut
962 2891 1062 2931 alios
1098 2892 1300 2945 integros,
1331 2891 1430 2931 alios
1474 2890 1681 2931 mutilatos
1726 2891 1971 2939 habeamus,
2013 2900 2198 2931 accurate
