2767 3789
1291 440 1344 481 15

472 597 592 643 vitae
618 592 762 642 officia
792 560 957 652 melius*
970 598 1016 638 et
1045 572 1385 650 con-stantiuset
1412 591 1577 662 lautius
1607 592 1781 659 tuenda.
1828 591 2062 638 Conveniat
2094 606 2189 651 por-

425 730 427 732 ·
466 727 522 759 „ro
547 714 663 758 inter
692 701 789 765 nos,
819 711 927 758 illud
942 724 1081 769 genus
1108 678 1436 771 disciplinarum
1467 676 1761 771 quaerendum
1790 726 1883 757 esse
1899 747 1913 763 ‚
1948 713 1994 755 in
2027 712 2186 770 quibus

462 844 623 891 operae
650 833 840 891 pretium
870 829 960 881 sit,
1002 841 1086 874 nou
1118 827 1261 874 dicam
1293 833 1479 884 aetatem
1512 841 1794 881 consumere,
1826 830 1938 887 quod
1968 807 2043 874 vix·
2070 834 2184 889 quis

467 963 601 1010 quam
627 951 720 995 sine
752 960 910 1007 magno
939 946 1202 1011 detrimento
1229 946 1516 994 humanitatis
1542 946 1672 992 faciat
1689 981 1701 999 ,
1745 948 1820 992 sed
1857 960 2041 1006 quarum
2083 964 2180 994 con—

462 1073 592 1116 ,tinuo
616 1071 704 1134 ‘lim
735 1074 780 1113 et
808 1068 1049 1122 ubertatem
1084 1068 1323 1112 sentiamus
1354 1073 1398 1111 et
1424 1069 1738 1125 agnoscamus,
1772 1069 1832 1111 ita
1865 1074 1912 1111 ut
1942 1069 2058 1126 ipsae
2089 1084 2179 1114 coa-

469 1190 635 1233 lescant
667 1200 769 1231 cum
798 1186 965 1244 reliqua
999 1184 1166 1255 nbstra*
1189 1166 1466 1237 eruditione,·
1500 1199 1610 1243 quae
1640 1187 1733 1230 sine
1766 1188 1820 1230 iis
1853 1200 2007 1230 manca
2040 1202 2088 1231 ac
2116 1189 2182 1231 de-

468 1307 566 1351 bilis
598 1308 660 1351 sit
718 1319 800 1350 non
834 1312 907 1375 ut,
940 1304 1056 1350 velut
1087 1318 1141 1349 ex
1171 1305 1310 1369 alieno
1341 1310 1495 1349 mutuo
1539 1311 1737 1356 suffitae,
1770 1308 1863 1350 sine
1897 1306 1983 1350 ullo
2022 1307 2182 1351 incom-

664 1341 683 1379 ἱ

466 1424 592 1470 modo
623 1423 767 1470 omitti
801 1423 1015 1486 abiicique
1039 1423 1217 1482 possint.
1282 1422 1366 1468 Sed
1391 1422 1524 1467 huius
1546 1424 1812 1481 quaestionis
1842 1429 1930 1469 tam
1962 1424 2048 1469 late
2077 1426 2184 1471 fines

467 1545 712 1604 pertinent,
760 1548 806 1586 ut
842 1554 957 1586 nunc
986 1542 1160 1599 quidem
1193 1541 1371 1586 concedi
1404 1542 1515 1586 mihi
1550 1555 1719 1601 sperem
1758 1545 1921 1587 arctius
1963 1545 2182 1603 aliquanto

458 1660 561 1705 'eam
593 1660 787 1706 definire.
849 1659 991 1717 Igitur
1015 1657 1242 1705 continebo
1268 1673 1338 1711 me
1367 1660 1483 1705 intra
1515 1659 1587 1704 illa
1618 1667 1847 1719 praecepta
1880 1663 2086 1706 orationis
2125 1665 2181 1707 l'a-

466 1782 642 1829 ciendae
669 1777 1000 1836 ornandaeque,
1033 1792 1218 1837 quorum
1251 1778 1601 1837 explicandorum
1630 1792 1761 1825 causa
1789 1781 2064 1838 potissimum
2094 1795 2183 1826 sus·

463 1905 578 1964 cepit
608 1903 755 1947 Cicero
786 1903 920 1946 Bruto
960 1879 1245 1959 respondere,
1278 1899 1502 1956 quaerenti
1535 1911 1587 1943 ex
1625 1912 1697 1950 eo,
1729 1913 1840 1957 quae
1873 1884 1985 1944 ess'izt
2016 1903 2177 1958 optima

463 2025 626 2080 species
657 2028 702 2065 et
733 2022 855 2079 quasi
898 2020 1037 2076 figura
1069 2018 1268 2070 dicendi,
1312 2024 1355 2062 et
1398 2017 1522 2075 quale
1555 2019 1592 2062 ei
1635 2017 1856 2064 videretur
1895 2019 2028 2072 illud,
2064 2022 2174 2077 quod

462 2155 681 2187 summum
718 2146 761 2184 et
798 2138 1035 2197 perfectum
1071 2136 1298 2182 iudicaret.
1362 2138 1502 2195 Igitur
1534 2136 1713 2194 reliquis
1746 2137 1981 2189 absolutis,
2023 2140 2120 2183 inde
2152 2157 2173 2183 a

463 2267 485 2318 ς
521 2265 619 2305 140.
681 2255 901 2308 Oratoris,
946 2269 1097 2299 novam
1131 2255 1375 2311 ingreditur
1409 2256 1772 2311 disputationem,
1808 2256 1860 2299 de
1897 2257 2080 2300 artificio
2113 2259 2175 2302 di-

460 2379 615 2431 cendi,
652 2379 694 2422 in
722 2389 806 2434 qua
839 2375 891 2420 de
922 2374 1147 2419 verborum
1185 2373 1488 2436 collocatione,
1532 2374 1669 2432 deque
1701 2387 1849 2418 eorum
1884 2387 1986 2418 sono
2020 2381 2061 2419 et
2099 2390 2175 2421 nu-

459 2511 579 2542 mero
600 2530 610 2549 ‚
653 2497 695 2537 in
729 2507 814 2553 quo
845 2499 1060 2552 postremo
1101 2492 1370 2535 concinnitas
1405 2494 1488 2536 sit:
1534 2499 1627 2535 tum
1663 2493 1857 2550 pluribus
1899 2497 2174 2550 persequitur

460 2617 665 2661 orationis
696 2620 820 2672 aptae
852 2574 1175 2658 et-numerosae
1206 2611 1417 2667 originem
1437 2647 1449 2660 ‚
1485 2620 1528 2656 et
1560 2627 1734 2657 causam
1754 2647 1764 2663 ,
1798 2618 1840 2655 et
1873 2618 2099 2664 naturam,
2132 2622 2176 2658 et

459 2750 614 2782 usum:
659 2738 875 2792 postremo
908 2734 999 2789 agit
1030 2731 1082 2774 de
1124 2731 1313 2774 circuitu
1352 2737 1428 2774 aut
1457 2732 1625 2776 ambitu
1654 2732 1880 2775 verborum
1901 2766 1911 2784 ,
1952 2732 2090 2788 deque
2124 2735 2175 2777 iis

458 2870 566 2916 quae
596 2855 761 2903 incisa,
792 2859 833 2895 et
872 2864 982 2909 quae
1008 2850 1201 2895 membra
1232 2850 1515 2910 appellantur.
1581 2852 1717 2895 Tanta
1746 2857 1892 2897 autem
1921 2850 2172 2908 diligentia,

457 2988 586 3040 prope
618 2972 758 3018 dicam
798 2976 918 3016 tanta
958 2968 1193 3016 ambitione
1231 2969 1401 3027 singula
1433 2975 1736 3030 exponuntur,
1771 2977 1819 3016 ut
1859 2976 2035 3033 putares
2075 2986 2173 3018 eum
