2767 3789
1342 389 1398 432 44

500 549 549 583 ut
576 541 758 587 dicatur,
801 539 904 582 nihil
934 540 1126 583 rhetores
1161 552 1186 582 e
1222 539 1462 594 Thucydide
1499 540 1756 593 excitaturos—
1785 539 1910 584 fuisse
1925 573 1936 594 ,
1978 543 2012 584 si
2053 544 2088 584 is
2126 542 2227 585 nihil

503 654 695 706 scriptum
734 653 1003 707 reliquisset„
1034 652 1231 696 Putidum
1272 665 1381 695 sane.
1434 652 1577 716 linque
1604 659 1724 704 teneo
1746 650 1881 694 adhuc
1910 665 2002 695 em
2032 656 2227 709 interpre-

503 765 697 806 tationem
713 795 724 811 ‚
766 777 889 818 quam
918 764 1093 819 explicui
1134 765 1233 808 Bibl.
1260 764 1357 807 Crit.
1386 764 1432 807 N.
1461 764 1547 812 Vol.
1571 764 1617 806 V.
1647 765 1685 806 1.
1721 777 1759 818 p.
1782 764 1880 812 179,
1917 776 2121 819 qumque
2148 779 2230 808 em-

501 878 645 930 plexus
672 884 737 918 est
772 875 946 919 Orellius
985 877 1027 917 in
1056 877 1137 918 fine
1173 876 1438 920 Praefationis
1470 877 1521 918 ad
1558 876 1769 919 Oratorem
1805 876 1884 925 (ed.
1913 890 1947 919 a.
1971 876 2104 930 1850.)
2159 877 2230 920 m·

503 1002 582 1029 nus
598 1020 608 1035 ‚
637 1001 759 1041 quam
787 988 854 1029 cui
886 988 1099 1035 videatur,
1125 988 1189 1032 ,ab
1228 988 1297 1029 illa
1333 988 1490 1029 ratione
1530 988 1702 1043 discedit
1742 987 1927 1030 Baiterus
1953 988 1995 1029 in
2023 986 2228 1030 Onomast.

506 1101 611 1142 Tull.
626 1099 691 1142 111.
727 1114 764 1153 p.
785 1101 885 1147 116,
914 1114 1037 1152 quem
1065 1113 1282 1154 agnoscere
1309 1101 1485 1154 primum
1513 1100 1651 1146 video,
1678 1100 1885 1172 ferri-non
1899 1112 2014 1154 posse
2042 1107 2090 1142 ut
2116 1112 2229 1152 quum

499 1210 728 1264 praesertim
755 1211 807 1249 sit
842 1221 915 1262 pro
942 1209 1141 1261 quamvis:
1179 1217 1268 1251 tum
1290 1210 1511 1253 'admittere
1547 1210 1650 1261 hoe,
1678 1217 1726 1252 ut
1762 1211 1805 1253 in
1840 1210 1917 1260 hoc
1955 1211 2094 1252 libello
2134 1223 2231 1251 non-

501 1322 612 1360 nulla
635 1321 910 1373 negligentius
937 1333 959 1358 a
989 1320 1181 1360 Cicerone
1217 1321 1437 1374 composita
1465 1322 1546 1360 sint
1563 1351 1572 1367 ,
1602 1321 1852 1377 spretoillo,
1880 1321 1991 1374 quod
2014 1322 2098 1375 ipse
2125 1333 2230 1364 com-

502 1432 775 1478 mendavisset
805 1431 863 1475 De
891 1430 999 1474 Orat.
1020 1430 1087 1474 ΠΙ.
1116 1430 1213 1486 §49
1229 1465 1239 1482 ,
1269 1440 1316 1474 ut
1341 1432 1549 1474 diceretur
1574 1446 1653 1474 non
1677 1432 1877 1486 discerptis
1902 1431 2105 1473 meritiis.
2125 1466 2129 1470 .
2148 1435 2228 1474 Ali-

502 1552 656 1596 quanto
697 1546 826 1598 igitur
862 1546 1021 1598 planius
1062 1544 1258 1590 dixisset,
1287 1546 1345 1593 si,
1386 1552 1474 1597 post
1515 1545 1752 1599 interposita
1793 1545 1898 1594 issa,-
1927 1546 2232 1593 instauravisset

504 1657 674 1710 primm
715 1657 956 1698 sententiam
972 1687 982 1702 ,
1025 1655 1091 1695 sed
1131 1654 1287 1695 laudari
1322 1655 1415 1696 solet
1453 1656 1502 1696 ab
1537 1656 1732 1702 omnibus,
1769 1668 1883 1706 quum
1913 1653 2142 1708 praesertim
2167 1680 2232 1697 ——.

506 1768 642 1820 Neque
670 1768 834 1809 omnino
857 1779 1004 1820 sequor
1030 1779 1119 1806 eam
1148 1764 1337 1818 Madvigii
1365 1767 1585 1814 rationem,
1614 1757 1743 1818 quuru
1771 1766 1796 1806 l.
1818 1779 1852 1806 c.
1880 1766 2096 1808 formulam
2119 1751 2233 1819 quum

502 1878 729 1930 praesertim
756 1884 951 1932 perpetuo
978 1877 1152 1930 explicat
1177 1883 1224 1918 ut
1261 1876 1315 1917 sit
1346 1877 1525 1929 quamvis.
1580 1876 1659 1918 Sed
1696 1883 1859 1931 propter
1894 1876 2019 1917 huius
2055 1876 2233 1931 disputa·

505 1991 626 2029 tionis
663 1990 905 2030 brevitatem
939 2001 1046 2028 nunc
1075 1989 1233 2041 singula
1271 1990 1454 2041 exempla
1481 1989 1726 2041 perlustrare
1753 1988 1858 2029 nolo.
1914 1988 1959 2027 In
1983 1989 2068 2041 ipso
2097 1995 2233 2029 tamen

506 2101 575 2140 illo
603 2100 691 2142 Fin.
718 2102 805 2141 loco
833 2101 890 2141 sic
927 2107 1135 2145 versatur,
1175 2107 1222 2140 ut
1250 2099 1300 2140 ad
1328 2100 1642 2154 oppugnandum
1677 2099 1805 2154 fingat
1833 2098 1907 2140 sibi
1936 2099 2232 2153 interpretatio-

505 2225 597 2253 nem
634 2214 839 2265 ineptam,
881 2224 1002 2264 quam
1039 2224 1183 2260 nemo,
1223 2211 1333 2264 quod
1370 2212 1518 2258 sciam,
1555 2210 1803 2264 prodiderim
1845 2213 1927 2264 ipse
1963 2211 2084 2251 aliam
2120 2223 2234 2251 exco-

504 2325 631 2377 gitat,
668 2338 789 2376 quam
827 2336 909 2364 non
939 2324 1055 2364 facile
1089 2323 1302 2375 quisquam
1335 2322 1501 2375 probet,
1539 2323 1653 2375 quasi
1681 2323 1861 2362 miserum
1896 2323 2113 2376 appellaret
2146 2321 2232 2362 Gal-

505 2437 660 2478 lonium
689 2436 876 2482 Laelius,
915 2436 1084 2489 quamvis
1111 2436 1151 2475 in
1180 2436 1291 2475 lauta
1320 2447 1442 2476 coena
1473 2447 1590 2476 omne
1616 2434 1799 2476 studium
1827 2440 2095 2476 consumeret.
2150 2434 2236 2476 lmo

505 2549 700 2590 miserum
728 2561 823 2589 eum
851 2547 1101 2602 appellabat,
1128 2560 1208 2589 non
1238 2554 1320 2589 tam
1358 2554 1520 2600 propter
1547 2561 1738 2593 coenam,
1768 2547 1838 2588 sed
1861 2547 2089 2601 praesertim
2124 2547 2233 2600 quod

503 2662 543 2701 in
572 2674 618 2702 ea
643 2674 763 2702 omne
791 2661 975 2702 studium
1004 2668 1281 2705 consumeret,
1311 2661 1335 2699 i.
1360 2672 1394 2699 e.
1423 2660 1533 2712 quod
1562 2661 1599 2700 ei
1627 2660 1704 2700 hoc
1732 2672 1937 2701 summum
1964 2660 2118 2700 bonum
2145 2672 2232 2700 esse

502 2772 722 2815 videretur.
777 2773 906 2814 Ecce!
942 2770 1109 2826 Philipp.
1134 2771 1180 2812 II.
1218 2770 1251 2825 S
1275 2772 1311 2812 6.
1351 2770 1493 2813 eodem
1521 2771 1643 2813 modo
1671 2771 1906 2826 explicanda
1946 2771 2121 2813 formula
2149 2778 2232 2816 est,

500 2885 598 2928 item
627 2884 684 2927 De
712 2883 820 2927 Orat.
835 2884 883 2927 11.
911 2884 1047 2940 5231.
1079 2883 1184 2932 Quid
1212 2883 1390 2938 denique
1418 2883 1636 2927 dicendum
1660 2885 1712 2927 de
1741 2885 1826 2939 ipso
1854 2882 2085 2938 Madvigio?
2113 2881 2233 2924 Forte
