2767 3789
1250 402 1307 445 59

475 558 509 610 5
536 558 598 596 11.
653 556 706 596 Ae
731 557 833 596 video
861 556 961 596 hane
982 556 1152 608 primam
1176 555 1467 608 inqresssionem
1493 545 1616 596 meam
1642 567 1719 594 non
1745 566 1793 594 ex
1819 553 1998 594 oratoriis
2019 553 2145 605 dispu—

426 667 631 730 tationibus
661 670 811 710 ductam
825 699 835 715 ‚
873 668 939 707 sed
965 679 986 706 e
1011 667 1138 707 media
1167 667 1412 720 philosophia
1438 666 1655 720 repetitam,
1692 671 1726 704 et
1751 678 1833 706 eam
1858 666 2010 718 quidem
2036 676 2151 716 quum

431 781 501 832 (sie
528 782 672 822 melius
701 781 795 822 Em.
811 811 822 829 ,
850 792 970 832 quam
999 779 1124 819 ceteri
1148 780 1244 825 tum)
1270 778 1486 830 antiquam,
1510 784 1590 819 tum
1617 777 1889 818 subobscuram.
1947 779 2034 819 Non
2063 786 2149 820 tsn-

428 906 514 938 tum
552 908 616 935 res
648 895 753 947 ipsa,
793 892 863 932 sed
900 891 1107 944 syntaxis,
1150 891 1191 930 in
1224 904 1309 953 quq
1340 898 1375 930 et
1410 904 1455 931 ea
1489 891 1640 944 quidem
1678 890 1853 930 refertur
1890 890 1939 929 ad
1971 893 2148 942 proxime

427 1003 1035 1056 antecedens‚substantivum,
1078 1003 1256 1053 postulat
1293 1009 1341 1042 ut
1367 988 1606 1056 ¹corrigatur·
1642 1007 1676 1041 et
1716 1013 1761 1041 ea
1800 967 1949 1053 quidem
1975 1024 2028 1030 —-
2055 1002 2148 1041 anti-

426 1132 501 1171 qua
528 1139 581 1146 -
608 1114 845 1178 subobscura.

478 1228 510 1280 S
540 1228 601 1267 15.
659 1226 841 1265 Socrates
869 1224 910 1264 in
939 1224 1121 1265 Phaedro
1158 1224 1255 1264 dicit
1282 1225 1351 1264 hoc
1377 1224 1563 1264 Periclem
1592 1224 1828 1276 praestitisse
1864 1226 1996 1264 ceteris
2032 1228 2153 1263 orato-

430 1339 534 1379 ribus
548 1369 557 1384 ,
595 1337 692 1395 quod
717 1335 751 1374 is
786 1335 1040 1388 Anaoeaqorae
1063 1336 1215 1388 physici
1239 1335 1357 1387 fuerit
1384 1336 1536 1375 auditor
1553 1367 1561 1380 ,
1590 1347 1616 1373 a
1643 1348 1713 1385 quo
1738 1340 1860 1374 censet
1895 1348 1977 1373 eum
1992 1366 2002 1381 ,
2040 1347 2154 1386 qucum

428 1450 510 1489 alia
534 1447 740 1499 praeclara
780 1447 965 1497 quaedam
1000 1447 1215 1493 didicisset,
1253 1446 1403 1486 uberem
1430 1451 1466 1485 et
1493 1446 1696 1497 secumdum
1732 1446 1849 1495 fuisse
1875 1469 1937 1486 —.
1967 1446 2153 1486 Toleran-

431 1571 498 1600 tur
525 1560 624 1598 haee
653 1556 702 1595 ab
731 1556 918 1595 omnibus
946 1556 1204 1602 Edam-ibus
1236 1568 1338 1608 quos
1365 1564 1501 1597 tamen
1528 1558 1670 1609 fugere
1708 1569 1788 1596 non
1825 1564 1979 1608 poterat
2007 1570 2154 1597 censere

431 1670 509 1708 dici
540 1678 626 1707 tum
643 1698 652 1712 ‚
682 1669 751 1706 ubi
776 1669 839 1707 vel
859 1668 1064 1719 placitum,
1096 1669 1156 1706 vel
1183 1670 1396 1707 consilium
1424 1669 1667 1707 enunciatur
1695 1668 1788 1706 sacti
1815 1668 2057 1719 suscipiendi
2088 1676 2159 1706 aut

433 1779 550 1821 officii
579 1778 820 1833 imponendi.
876 1778 1069 1820 Putidum
1099 1778 1151 1818 sit
1178 1778 1358 1831 exempla
1386 1779 1584 1831 proferre:
1615 1779 1684 1819 sed
1718 1778 2006 1831 interpolatum
2036 1783 2157 1819 censet

433 1893 651 1933 delendum
680 1898 764 1930 est-z
793 1891 947 1942 reliqua
977 1903 1166 1942 suspensa
1209 1899 1304 1930 sunt
1333 1904 1353 1928 a
1382 1891 1503 1929 verbo
1531 1890 1645 1937 dicit,
1674 1891 1782 1941 quod
1812 1891 1934 1929 fuisse
1964 1891 2156 1928 videntur

431 2005 499 2057 qui
536 2014 616 2041 non
657 2001 936 2054 perspicerent.
992 2003 1092 2043 Aliis
1132 2004 1229 2043 locis
1257 1999 1462 2056 perperam
1504 2002 1609 2040 inter·
1640 2014 1680 2041 se
1709 2007 1992 2054 permutantur
2028 2011 2154 2037 censeo

433 2122 472 2152 et
501 2113 635 2151 sentio:
677 2114 794 2152 sicuti
824 2114 925 2152 infra
962 2114 994 2165 §
1019 2115 1106 2153 195.
1138 2116 1179 2152 in
1207 2122 1416 2165 praecepto
1433 2144 1441 2157 ,
1472 2114 1689 2165 legendum
1713 2122 1779 2163 est
1796 2144 1804 2157 ‚
1830 2125 1894 2163 eqo
1922 2119 2047 2151 (mrem
2074 2124 2153 2149 reu-

433 2236 515 2270 seo,
545 2236 624 2265 non
653 2223 781 2264 sentio.
838 2223 1009 2271 Contra,
1048 2224 1205 2278 §197,
1243 2226 1306 2277 qui
1346 2225 1525 2274 audiunt,
1555 2226 1647 2265 haee
1683 2226 1757 2265 duo
1794 2225 2095 2265 aninzadvm·tzmt
2124 2230 2156 2262 et

431 2338 598 2376 iucunda
625 2337 696 2375 sibi
723 2341 896 2382 censent,
924 2337 1144 2376 absurdum
1174 2345 1259 2384 est,
1289 2346 1329 2376 et
1358 2338 1639 2390 corrigendum
1674 2339 1846 2376 sentiunt.
1905 2337 1979 2379 Ει,
2018 2349 2155 2387 quem-

435 2449 652 2489 admodum
681 2448 771 2487 istic
807 2454 937 2499 censet
964 2450 1250 2501 interpolatum
1287 2458 1371 2496 est,
1410 2449 1615 2499 aliquanto
1647 2450 1802 2501 saepius
1836 2450 1998 2499 putandi
2032 2449 2155 2488 verbo

436 2560 696 2613 interposito,
735 2561 848 2599 velut
885 2562 1019 2600 inutili
1057 2562 1185 2601 fulcro
1228 2560 1506 2600 sustinendam
1543 2574 1629 2602 esse
1668 2562 1857 2601 orationis
1895 2562 2157 2600 construetio-

438 2687 527 2715 nem
544 2670 747 2712 censuisse
771 2670 962 2711 videntur
977 2672 1147 2718 librarii,
1177 2685 1226 2711 an
1248 2672 1508 2726 grammatici.
1548 2671 1610 2711 Sic
1634 2671 1722 2713 Nat.
1751 2672 1908 2712 Deonl.
1938 2672 2029 2725 §Q
2060 2673 2159 2712 velut

438 2785 477 2824 in
506 2785 577 2824 hae
614 2781 849 2835 quaestione,
883 2782 1056 2835 plerique
1079 2812 1130 2818 —
1153 2784 1241 2825 deos
1267 2796 1344 2826 esse
1379 2783 1582 2830 dioeeru-nt,
1624 2783 1795 2824 dubitare
1832 2798 1870 2824 se
1903 2784 2159 2837 Protaqoras.

438 2898 564 2938 nullos
590 2908 667 2936 esse
694 2895 843 2935 omnino
884 2896 1073 2947 Diaqoras
1099 2919 1151 2926 —
1179 2902 1214 2936 et
1244 2897 1457 2938 Theodorus
1485 2919 1538 2927 -·-
1561 2903 1798 2949 putaverunt.
1857 2899 1938 2939 Iam
1974 2900 2056 2952 ipsa
2085 2899 2161 2937 foi·-
