2767 3789
1293 410 1347 456 12'

466 568 638 621 Cicero,
673 566 846 613 »orhem
873 565 1001 612 modo
1033 567 1242 611 orationis
1269 565 1497 619 desidero,
1529 551 1796 613 ornaments*
1817 577 2077 632 comparent·
2093 572 2191 634 1⁸).”

463 686 667 739 Scilicet,
715 692 811 746 post
853 699 1032 733 auream
1066 685 1185 732 illam
1217 685 1470 732 Latinarum
1504 684 1733 732 literarum·
1760 672 1947 734 aetatem
1991 697 2165 738 mature
2180 725 2193 743 ‚

463 807 538 864 qui
583 804 761 864 quidem
807 806 1036 851 scribendo
1081 805 1253 850 laudem
1297 811 1586 864 quaererent,
1632 811 1708 850 aut
1736 804 1979 852 deseruisse
2013 810 2191 855 eastita-

465 931 554 969 tem
579 924 793 969 sermonis
823 925 1003 983 eiusque
1031 923 1215 968 ornandi
1239 924 1385 968 nativa
1409 923 1626 982 praesidia
1647 924 1875 977 videntur,
1906 929 1984 969 aut
2014 937 2069 969 ne
2100 939 2194 971 nos-

462 1057 508 1089 se
536 1042 712 1102 quidem
743 1042 931 1089 voluisse
950 1077 961 1096 ‚
994 1048 1061 1095 et,
1095 1055 1200 1102 pace
1229 1042 1372 1089 dicam
1409 1042 1648 1088 multorum
1676 1044 1753 1102 qui
1780 1044 1980 1090 Tacitum
2012 1057 2189 1089 exoscu-

467 1164 643 1215 lantur,
678 1163 722 1207 in
755 1162 836 1207 hoc
868 1163 962 1220 ipso
995 1164 1080 1207 iam
1114 1162 1297 1219 vestigia
1325 1161 1712 1235 deprehenduntur
1740 1165 1836 1208 eius
1866 1164 2084 1216 vitii‚‘ex-
2107 1176 2192 1220 quo

466 1281 687 1336 κακόζηλοι
731 1278 1033 1339 appellantur,
1073 1279 1275 1339 quodque
1307 1282 1480 1339 egregie
1512 1281 1679 1325 notavit
1704 1281 1918 1328 Graevius
1950 1284 1994 1327 in
2026 1281 2194 1327 Praefa-

468 1402 583 1443 tione
614 1398 669 1441 ad
702 1398 895 1442 Florum.

525 1516 643 1563 Nihil
680 1516 857 1575 quidem
898 1517 1060 1563 absolvi
1089 1524 1165 1564 aut
1197 1517 1519 1570 demonstravi,
1564 1525 1609 1562 at
1642 1520 1776 1570 satis,
1819 1509 1967 1578 spero,
2009 1518 2194 1578 explicui

468 1652 552 1696 quo
587 1637 761 1680 nomine
796 1637 839 1679 in
869 1637 1024 1695 primis
1067 1636 1462 1682 commendandum
1495 1637 1603 1681 mihi
1636 1650 1730 1682 esse
1762 1637 1984 1683 videretur
2014 1636 2198 1695 diligens

466 1756 661 1799 studium
694 1756 908 1799 sermonis
942 1755 1144 1799 Tulliani.
1210 1756 1296 1799 Fac
1328 1768 1378 1799 ea
1409 1755 1562 1799 multis
1594 1754 1776 1801 sortasse
1815 1769 1899 1800 non
1944 1756 2196 1815 displiceret

471 1882 614 1919 tamen
651 1880 910 1920 occurretur
954 1874 1062 1919 mihi
1101 1888 1125 1918 a
1171 1876 1304 1918 certis
1349 1874 1629 1928 hominibus,
1676 1876 1751 1933 qui
1793 1877 2048 1934 requirent,
2093 1877 2197 1934 quid

469 1995 642 2039 tandem
674 1994 716 2037 id
751 1994 804 2038 ad
839 2008 915 2038 nos
948 1995 1192 2053 pertineat,
1226 1995 1278 2039 ad
1320 1996 1431 2039 vitae
1465 1997 1711 2048 actionem,
1742 2002 1785 2041 et
1818 1996 1871 2040 ad
1905 2009 2003 2040 eum
2039 2010 2197 2042 sermo-

472 2128 569 2159 nem
605 2127 689 2172 quo
723 2120 919 2158 nostruin
954 2109 1137 2171 quisque
1180 2114 1417 2159 domestico
1450 2116 1620 2165 utitur,
1665 2116 1877 2173 cuiusque
1913 2128 2039 2158 usum
2080 2129 2199 2173 prae·

471 2229 607 2277 sontis
640 2233 796 2276 aetatis
829 2233 1053 2289 ingenium
1082 2234 1219 2290 regit,
1252 2233 1414 2290 quique
1442 2232 1559 2276 nulla
1586 2232 1840 2290 cognatione
1869 2233 2069 2289 iungitur
2100 2247 2199 2276 cum

469 2368 517 2395 eo
551 2351 737 2410 populo,
774 2366 797 2394 a
833 2353 960 2394 cuius
989 2352 1126 2394 literis
1161 2357 1203 2394 et
1247 2351 1489 2395 eruditione
1522 2358 1564 2395 et
1603 2351 1798 2398 moribus
1835 2357 1878 2395 ct
1911 2352 2109 2395 sensibus
2142 2353 2202 2394 vi-

472 2471 583 2527 ginti
639 2470 951 2528 propemodum
996 2469 1238 2513 seculorum
1288 2470 1514 2513 intervallo
1560 2470 1769 2513 disiuncti
1816 2484 1981 2513 sumus.
2057 2471 2200 2523 Quare

473 2593 550 2637 hos
583 2590 770 2636 libenter
801 2590 1004 2642 audiam,
1052 2590 1193 2635 dicam
1239 2592 1417 2649 paucis,
1456 2595 1690 2648 antequam
1723 2588 1922 2648 expedire
1962 2603 2092 2634 coner
2125 2587 2167 2631 id
2187 2624 2198 2637 ‚

1931 2663 1941 2688 Ι

474 2711 587 2769 quod
611 2710 785 2755 officere
814 2711 1179 2754 commendationi
1217 2725 1337 2759 meae
1377 2711 1563 2754 videtur.
1629 2711 1758 2754 Recte
1787 2711 1903 2753 enim
1937 2710 2099 2752 sentire
2130 2720 2201 2749 eos

475 2832 674 2876 existimo
691 2865 702 2882 ‚
735 2829 898 2875 nullius
926 2831 1036 2874 artis
1062 2830 1335 2888 disciplinam
1361 2828 1630 2887 'magnopere
1660 2828 1942 2887 expetendam
1970 2841 2088 2878 esse,
2120 2827 2203 2870 nisi

471 2964 582 3008 quae
615 2955 657 2992 et
690 2962 774 2992 non
819 2949 933 3006 ipsos
961 2949 1162 2995 meliores
1192 2949 1382 3000 efficiat,
1425 2950 1637 3007 cuiusque
1670 2948 1839 2993 fructus
1871 2946 2115 2992 redundent
2159 2946 2203 2988 in
