2767 3789
1254 431 1309 472 55

429 601 521 631 nam
549 598 637 628 esse
665 583 856 626 Codicum
883 583 1097 624 lectionem
1114 584 1136 597 '’
1167 584 1398 625 defendant.

479 700 512 753 g
541 702 577 740 5,
637 697 795 746 Quaeris
821 693 940 748 igitur
967 718 1020 724 —
1046 695 1159 746 quale
1183 695 1282 735 mihi
1307 696 1479 736 videatur
1509 696 1608 736 illud
1637 695 1884 746 (eloquentiae
1907 698 2064 749 ρεισκε),
2092 717 2147 727 -

424 812 522 864 quod
562 822 626 863 090
662 820 850 851 summum
890 812 925 847 et
961 803 1277 860 perfectissimum
1317 806 1487 847 iudicem.
1544 806 1678 853 Quum
1709 808 1828 846 toties
1857 809 1960 860 apud
1989 809 2143 848 Cicero-

425 937 516 963 nem
545 933 731 964 summum
757 925 794 959 et
815 918 1030 970 perfectum
1054 917 1301 969 iungantur,
1329 918 1556 969 (perfectum
1582 918 1694 970 ponit
1724 918 1828 958 infra
1854 917 1887 970 §
1908 919 1979 964 55,
2007 928 2049 960 et
2076 921 2137 960 61.

424 1035 480 1078 De
509 1033 616 1078 Orat.
645 1031 693 1075 11.
722 1030 755 1086 S
779 1031 861 1082 55.)
896 1029 1084 1073 dubitare
1111 1035 1225 1071 certe
1261 1030 1471 1083 oportebat
1495 998 1682 1072 Editores
1705 1030 1760 1069 de
1779 1029 2011 1069 Ruhnkenii
2032 1043 2138 1084 prae-

421 1155 562 1202 cepto,
592 1148 634 1185 in
662 1144 922 1184 annotatione
953 1131 1003 1181 aid
1039 1142 1190 1183 Iulium
1212 1141 1406 1182 Rufinum
1434 1146 1532 1191 (non
1560 1143 1611 1183 ad
1637 1141 1836 1183 Rutilium
1853 1173 1862 1187 ,
1907 1141 2013 1182 sieut
2040 1142 2139 1182 indi-

421 1260 536 1300 cabat
573 1256 761 1304 Orellius)
804 1269 839 1308 p.
863 1255 964 1301 200,
1007 1255 1076 1306 qui
1113 1254 1236 1296 huius
1277 1254 1353 1294 loci
1389 1255 1628 1296 auctoritate
1671 1254 1905 1307 superlativi
1943 1254 2139 1300 formam,

420 1379 557 1413 contra
584 1368 760 1422 Pompeii
789 1365 1045 1408 Grammatici
1079 1366 1419 1413 observationem,
1448 1366 1655 1415 defendit,
1692 1367 1841 1418 quique
1869 1366 2018 1407 addere
2048 1374 2134 1418 pot·

420 1492 534 1524 uerat
562 1478 991 1531 alterum-exemplum
1020 1474 1128 1519 infra>
1159 1478 1193 1532 5
1215 1479 1267 1518 47
1302 1478 1574 1528 (doctissimum
1602 1483 1636 1518 et
1673 1478 1989 1531 perfectissimum
2023 1490 2134 1529 quae·

416 1593 561 1643 rimus).
617 1590 756 1630 Utitur
784 1602 878 1631 sune
916 1591 1209 1639 comparativo;
1249 1590 1320 1630 sed
1348 1602 1394 1630 ea
1431 1591 1670 1641 plerumque
1702 1602 1783 1628 non
1824 1597 1886 1628 est
1925 1590 2001 1629 nisi
2034 1591 2133 1640 peri·

416 1704 570 1755 phrasis
603 1704 653 1741 ad
683 1702 892 1741 vitandum
935 1702 1249 1752 superlativum,
1292 1703 1397 1740 sicut
1431 1702 1463 1752 ἓ
1485 1704 1536 1745 8,
1579 1701 1681 1739 nihil
1707 1701 1747 1739 in
1782 1701 1851 1740 illo
1875 1714 2012 1751 qenere
2048 1688 2145 1751 per·-

414 1815 558 1864 s'ectius.
616 1783 695 1854 Sed
732 1813 816 1864 ipse
854 1812 1123 1864 superlativus
1165 1824 1388 1863 nusquam,
1431 1812 1507 1852 nisi
1538 1825 1603 1853 me
1639 1810 1901 1860 vehementer
1937 1813 2132 1854 memoria

414 1926 540 1970 fallit,
579 1924 906 1978 deprehenditur.
968 1923 1211 1961 Excluditur
1247 1924 1346 1960 adeo
1388 1924 1454 1960 illa
1493 1924 1619 1960 forma
1656 1937 1704 1961 eo
1742 1925 1851 1972 ipso,
1892 1924 1999 1971 quod
2041 1924 2129 1974 Opt.

411 2034 505 2074 Gen.
536 2034 642 2074 Orat.
671 2033 703 2087 ἓ
727 2036 765 2076 4.
801 2033 851 2074 de
878 2031 1015 2084 optimo
1041 2033 1196 2073 dictum
1237 2032 1430 2086 (optimum
1457 2033 1606 2085 quidem
1634 2045 1750 2072 unum
1787 2039 1882 2098 est),
1925 2033 1976 2072 ad
2001 2036 2127 2085 perfe-

409 2151 507 2185 ctum
548 2146 755 2185 transferri
795 2153 835 2185 et
873 2153 1005 2197 potest
1044 2154 1085 2185 et
1128 2145 1260 2185 debet.
1316 2145 1395 2186 Sed
1424 2145 1632 2192 librarios,
1670 2159 1721 2185 ex
1750 2145 1874 2184 seculi
1908 2158 1987 2197 quo
2024 2147 2129 2186 vive·

409 2258 506 2296 bant
532 2257 813 2310 corruptione,
848 2258 990 2311 ingens
1018 2258 1164 2297 invasit
1193 2256 1318 2297 libido
1353 2256 1615 2305 inserciendi,
1661 2256 1903 2308 ubicumque
1940 2267 2125 2309 possent,

408 2371 639 2422 superlativi
691 2371 862 2415 formas,
906 2378 992 2410 tum
1041 2370 1357 2415 adieetivorum‚
1401 2378 1487 2409 tum
1535 2370 1826 2410 adverbiorum.
1899 2370 2122 2422 Aliquoties

407 2483 515 2520 hunc
542 2482 715 2521 abusum
743 2482 879 2521 notavi
909 2482 949 2520 in
974 2482 1061 2520 aliis
1087 2481 1360 2521 voluminibus
1389 2481 1600 2520 Tullianis:
1632 2482 1733 2521 conf.
1763 2481 1891 2521 Schol.
1922 2481 2122 2534 Hypomn.

405 2593 466 2633 lv.
495 2606 531 2644 p.
549 2595 637 2634 194.
693 2593 1001 2645 Nonnumquam
1030 2607 1079 2633 ex
1104 2593 1259 2635 adiecto
1289 2592 1411 2633 verbo
1436 2594 1580 2634 vitium
1601 2593 1797 2634 scribendi
1823 2595 2011 2646 explicari
2035 2603 2121 2647 pot·

403 2713 488 2750 est;
534 2706 638 2745 sicut
671 2705 713 2745 in
742 2706 818 2745 hoe
855 2707 941 2759 ipso
977 2707 1112 2747 libello
1149 2706 1181 2760 S
1208 2708 1300 2747 ⁶210.
1338 2706 1554 2758 saepissime
1594 2718 1737 2748 sumus,
1776 2714 1910 2745 ortum
1947 2719 1998 2746 ex
2027 2720 2123 2748 vero

403 2831 513 2869 saepe
539 2826 689 2857 sumus:
718 2818 828 2857 nulla
856 2820 1036 2863 ratione,
1066 2831 1167 2871 quae
1195 2819 1359 2870 quidem
1389 2832 1482 2859 sana
1517 2821 1588 2864 sit,
1633 2818 1721 2858 istic
1751 2819 1940 2871 superlat.
1983 2819 2120 2861 desen-

409 2931 449 2970 di
479 2938 620 2984 potest.
678 2930 828 2971 Eodem
862 2931 981 2971 modo
1013 2932 1054 2971 in
1083 2932 1178 2984 Epp.
1209 2932 1257 2972 ad
1291 2931 1373 2972 Div.
1397 2931 1442 2971 ΙΙ.
1475 2933 1535 2971 15.
1563 2933 1595 2971 5.
1634 2932 1674 2970 in
1705 2943 1786 2971 uno
1814 2931 1908 2972 Cod.
1939 2933 2119 2972 honestis·

1825 3046 1877 3077 51
