<?xml version="1.0" encoding="UTF-8"?>
<!DOCTYPE html PUBLIC "-//W3C//DTD XHTML 1.0 Transitional//EN"
    "http://www.w3.org/TR/xhtml1/DTD/xhtml1-transitional.dtd">
<html xmlns="http://www.w3.org/1999/xhtml" xml:lang="en" lang="en">
 <head>
  <title>
</title>
<meta http-equiv="Content-Type" content="text/html;charset=utf-8" />
  <meta name='ocr-system' content='tesseract 3.04.00' />
  <meta name='ocr-capabilities' content='ocr_page ocr_carea ocr_par ocr_line ocrx_word'/>
</head>
<body>
  <div class='ocr_page' id='page_1' title='image "4777079_0014.png"; bbox 0 0 2767 3789; ppageno 0'>
   <div class='ocr_carea' id='block_1_1' title="bbox 0 0 2759 366">
    <p class='ocr_par' dir='ltr' id='par_1_1' title="bbox 0 0 2759 366">
     <span class='ocr_line' id='line_1_1' title="bbox 0 0 2759 366; baseline 0 3423"><span class='ocrx_word' id='word_1_1' title='bbox 0 0 2759 366; x_wconf 95' lang='lat' dir='ltr'><strong> </strong></span> 
     </span>
    </p>
   </div>
   <div class='ocr_carea' id='block_1_2' title="bbox 405 550 2127 639">
    <p class='ocr_par' dir='ltr' id='par_1_2' title="bbox 405 550 2127 639">
     <span class='ocr_line' id='line_1_2' title="bbox 405 550 2127 639; baseline 0.001 -18"><span class='ocrx_word' id='word_1_2' title='bbox 405 574 728 622; x_wconf 85' lang='lat' dir='ltr'><strong>confirmandae</strong></span> <span class='ocrx_word' id='word_1_3' title='bbox 757 573 948 621; x_wconf 84' lang='lat' dir='ltr'><strong>laborem</strong></span> <span class='ocrx_word' id='word_1_4' title='bbox 979 573 1138 621; x_wconf 83' lang='lat' dir='ltr'><strong>levavit</strong></span> <span class='ocrx_word' id='word_1_5' title='bbox 1168 573 1278 629; x_wconf 80' lang='lat' dir='ltr'><strong>mibi</strong></span> <span class='ocrx_word' id='word_1_6' title='bbox 1310 550 1605 623; x_wconf 47' lang='lat' dir='ltr'><strong>Bernbfflus</strong></span> <span class='ocrx_word' id='word_1_7' title='bbox 1620 610 1633 629; x_wconf 93' lang='lat'><strong>,</strong></span> <span class='ocrx_word' id='word_1_8' title='bbox 1674 571 2056 625; x_wconf 55' lang='lat' dir='ltr'><strong>vir&#39;fficutifflmus</strong></span> <span class='ocrx_word' id='word_1_9' title='bbox 2073 576 2127 639; x_wconf 85' lang='lat'><strong>¹).</strong></span> 
     </span>
    </p>
   </div>
   <div class='ocr_carea' id='block_1_3' title="bbox 400 692 2138 2534">
    <p class='ocr_par' dir='ltr' id='par_1_3' title="bbox 400 692 2138 2534">
     <span class='ocr_line' id='line_1_3' title="bbox 400 692 2131 784; baseline 0.003 -45"><span class='ocrx_word' id='word_1_10' title='bbox 400 695 572 740; x_wconf 86' lang='lat' dir='ltr'>Rursus</span> <span class='ocrx_word' id='word_1_11' title='bbox 603 694 679 739; x_wconf 90' lang='lat' dir='ltr'><strong>alii</strong></span> <span class='ocrx_word' id='word_1_12' title='bbox 718 694 949 746; x_wconf 85' lang='lat' dir='ltr'><strong>orientur,</strong></span> <span class='ocrx_word' id='word_1_13' title='bbox 990 695 1066 753; x_wconf 85' lang='lat' dir='ltr'><strong>qui</strong></span> <span class='ocrx_word' id='word_1_14' title='bbox 1096 694 1203 741; x_wconf 83' lang='lat' dir='ltr'><strong>adeo</strong></span> <span class='ocrx_word' id='word_1_15' title='bbox 1244 693 1541 784; x_wconf 52' lang='lat' dir='ltr'><strong>pervulgatffl</strong></span> <span class='ocrx_word' id='word_1_16' title='bbox 1565 705 1675 741; x_wconf 64' lang='lat' dir='ltr'><strong>&gt;esse</strong></span> <span class='ocrx_word' id='word_1_17' title='bbox 1706 692 2020 743; x_wconf 68' lang='lat' dir='ltr'><strong>famamillius</strong></span> <span class='ocrx_word' id='word_1_18' title='bbox 2049 696 2131 744; x_wconf 86' lang='lat' dir='ltr'><strong>elo·</strong></span> 
     </span>
     <span class='ocr_line' id='line_1_4' title="bbox 403 776 2135 872; baseline 0.001 -14"><span class='ocrx_word' id='word_1_19' title='bbox 403 814 607 872; x_wconf 84' lang='lat' dir='ltr'><strong>quentiae</strong></span> <span class='ocrx_word' id='word_1_20' title='bbox 634 811 923 864; x_wconf 85' lang='lat' dir='ltr'><strong>contendant,</strong></span> <span class='ocrx_word' id='word_1_21' title='bbox 957 817 1008 857; x_wconf 89' lang='lat' dir='ltr'><strong>ut</strong></span> <span class='ocrx_word' id='word_1_22' title='bbox 1037 827 1163 859; x_wconf 91' lang='lat' dir='ltr'><strong>nemo</strong></span> <span class='ocrx_word' id='word_1_23' title='bbox 1180 812 1270 858; x_wconf 75' lang='lat' dir='ltr'><strong>fere</strong></span> <span class='ocrx_word' id='word_1_24' title='bbox 1299 813 1358 858; x_wconf 81' lang='lat' dir='ltr'><strong>sit</strong></span> <span class='ocrx_word' id='word_1_25' title='bbox 1373 776 1782 871; x_wconf 16' lang='lat' dir='ltr'><strong>quin-vehementer</strong></span> <span class='ocrx_word' id='word_1_26' title='bbox 1796 812 2056 867; x_wconf 84' lang='lat' dir='ltr'><strong>admiretur,</strong></span> <span class='ocrx_word' id='word_1_27' title='bbox 2089 816 2135 859; x_wconf 90' lang='lat' dir='ltr'><strong>in</strong></span> 
     </span>
     <span class='ocr_line' id='line_1_5' title="bbox 404 896 2133 990; baseline 0.001 -15"><span class='ocrx_word' id='word_1_28' title='bbox 404 944 588 990; x_wconf 89' lang='lat' dir='ltr'><strong>eamque</strong></span> <span class='ocrx_word' id='word_1_29' title='bbox 619 937 843 990; x_wconf 82' lang='lat' dir='ltr'><strong>tamquam</strong></span> <span class='ocrx_word' id='word_1_30' title='bbox 879 930 1116 990; x_wconf 74' lang='lat' dir='ltr'><strong>perfectam</strong></span> <span class='ocrx_word' id='word_1_31' title='bbox 1141 896 1326 976; x_wconf 84' lang='lat' dir='ltr'><strong>oratoris</strong></span> <span class='ocrx_word' id='word_1_32' title='bbox 1352 928 1540 990; x_wconf 81' lang='lat' dir='ltr'><strong>effigiem</strong></span> <span class='ocrx_word' id='word_1_33' title='bbox 1568 932 1807 978; x_wconf 87' lang='lat' dir='ltr'><strong>intueatur.</strong></span> <span class='ocrx_word' id='word_1_34' title='bbox 1870 931 1949 977; x_wconf 86' lang='lat' dir='ltr'><strong>Est</strong></span> <span class='ocrx_word' id='word_1_35' title='bbox 1976 931 2061 976; x_wconf 91' lang='lat' dir='ltr'><strong>ita:</strong></span> <span class='ocrx_word' id='word_1_36' title='bbox 2089 937 2133 977; x_wconf 89' lang='lat' dir='ltr'><strong>et</strong></span> 
     </span>
     <span class='ocr_line' id='line_1_6' title="bbox 402 1048 2134 1110; baseline -0.001 -15"><span class='ocrx_word' id='word_1_37' title='bbox 402 1063 506 1095; x_wconf 91' lang='lat' dir='ltr'><strong>sane</strong></span> <span class='ocrx_word' id='word_1_38' title='bbox 537 1048 723 1095; x_wconf 72' lang='lat' dir='ltr'><strong>stolidus</strong></span> <span class='ocrx_word' id='word_1_39' title='bbox 757 1049 930 1094; x_wconf 83' lang='lat' dir='ltr'><strong>viderer</strong></span> <span class='ocrx_word' id='word_1_40' title='bbox 958 1051 995 1093; x_wconf 85' lang='lat' dir='ltr'><strong>si</strong></span> <span class='ocrx_word' id='word_1_41' title='bbox 1028 1050 1158 1094; x_wconf 86' lang='lat' dir='ltr'><strong>toties</strong></span> <span class='ocrx_word' id='word_1_42' title='bbox 1187 1049 1441 1095; x_wconf 82' lang='lat' dir='ltr'><strong>decantatas</strong></span> <span class='ocrx_word' id='word_1_43' title='bbox 1468 1049 1646 1103; x_wconf 82' lang='lat' dir='ltr'><strong>laudes,</strong></span> <span class='ocrx_word' id='word_1_44' title='bbox 1676 1050 1835 1110; x_wconf 83' lang='lat' dir='ltr'><strong>quibus</strong></span> <span class='ocrx_word' id='word_1_45' title='bbox 1869 1050 1972 1095; x_wconf 75' lang='lat' dir='ltr'><strong>illae</strong></span> <span class='ocrx_word' id='word_1_46' title='bbox 1993 1054 2134 1095; x_wconf 87' lang='lat' dir='ltr'><strong>orato-</strong></span> 
     </span>
     <span class='ocr_line' id='line_1_7' title="bbox 402 1151 2133 1228; baseline 0 -14"><span class='ocrx_word' id='word_1_47' title='bbox 402 1170 496 1215; x_wconf 89' lang='lat' dir='ltr'><strong>riae</strong></span> <span class='ocrx_word' id='word_1_48' title='bbox 532 1169 720 1215; x_wconf 84' lang='lat' dir='ltr'><strong>virtutes</strong></span> <span class='ocrx_word' id='word_1_49' title='bbox 761 1168 1035 1216; x_wconf 82' lang='lat' dir='ltr'><strong>celebrantur</strong></span> <span class='ocrx_word' id='word_1_50' title='bbox 1076 1170 1236 1228; x_wconf 88' lang='lat' dir='ltr'><strong>partim</strong></span> <span class='ocrx_word' id='word_1_51' title='bbox 1272 1167 1326 1214; x_wconf 88' lang='lat' dir='ltr'><strong>ab</strong></span> <span class='ocrx_word' id='word_1_52' title='bbox 1361 1151 1702 1228; x_wconf 80' lang='lat' dir='ltr'><strong>intelligentibus</strong></span> <span class='ocrx_word' id='word_1_53' title='bbox 1738 1168 1957 1215; x_wconf 87' lang='lat' dir='ltr'><strong>iudicibus</strong></span> <span class='ocrx_word' id='word_1_54' title='bbox 1977 1205 1989 1224; x_wconf 93' lang='lat'><strong>,</strong></span> <span class='ocrx_word' id='word_1_55' title='bbox 2030 1182 2133 1214; x_wconf 90' lang='lat' dir='ltr'><strong>non·</strong></span> 
     </span>
     <span class='ocr_line' id='line_1_8' title="bbox 403 1287 2136 1348; baseline 0.001 -15"><span class='ocrx_word' id='word_1_56' title='bbox 403 1301 644 1348; x_wconf 86' lang='lat' dir='ltr'><strong>numquam</strong></span> <span class='ocrx_word' id='word_1_57' title='bbox 677 1289 810 1334; x_wconf 89' lang='lat' dir='ltr'><strong>etiam</strong></span> <span class='ocrx_word' id='word_1_58' title='bbox 844 1288 898 1333; x_wconf 87' lang='lat' dir='ltr'><strong>ab</strong></span> <span class='ocrx_word' id='word_1_59' title='bbox 930 1289 985 1333; x_wconf 91' lang='lat' dir='ltr'><strong>iis</strong></span> <span class='ocrx_word' id='word_1_60' title='bbox 1013 1290 1089 1348; x_wconf 89' lang='lat' dir='ltr'><strong>qui</strong></span> <span class='ocrx_word' id='word_1_61' title='bbox 1127 1287 1237 1333; x_wconf 86' lang='lat' dir='ltr'><strong>nibil</strong></span> <span class='ocrx_word' id='word_1_62' title='bbox 1270 1288 1316 1333; x_wconf 91' lang='lat' dir='ltr'><strong>in</strong></span> <span class='ocrx_word' id='word_1_63' title='bbox 1350 1302 1400 1334; x_wconf 91' lang='lat' dir='ltr'><strong>eo</strong></span> <span class='ocrx_word' id='word_1_64' title='bbox 1443 1301 1601 1348; x_wconf 78' lang='lat' dir='ltr'><strong>genere</strong></span> <span class='ocrx_word' id='word_1_65' title='bbox 1638 1289 1721 1348; x_wconf 86' lang='lat' dir='ltr'><strong>ipsi</strong></span> <span class='ocrx_word' id='word_1_66' title='bbox 1761 1288 1829 1334; x_wconf 81' lang='lat' dir='ltr'><strong>vel</strong></span> <span class='ocrx_word' id='word_1_67' title='bbox 1870 1290 2034 1335; x_wconf 87' lang='lat' dir='ltr'><strong>sentire</strong></span> <span class='ocrx_word' id='word_1_68' title='bbox 2070 1290 2136 1335; x_wconf 90' lang='lat' dir='ltr'><strong>vel</strong></span> 
     </span>
     <span class='ocr_line' id='line_1_9' title="bbox 405 1403 2130 1467; baseline -0.002 -13"><span class='ocrx_word' id='word_1_69' title='bbox 405 1403 576 1454; x_wconf 79' lang='lat' dir='ltr'><strong>efficere</strong></span> <span class='ocrx_word' id='word_1_70' title='bbox 620 1408 794 1460; x_wconf 86' lang='lat' dir='ltr'><strong>valent,</strong></span> <span class='ocrx_word' id='word_1_71' title='bbox 842 1409 1002 1453; x_wconf 91' lang='lat' dir='ltr'><strong>iterum</strong></span> <span class='ocrx_word' id='word_1_72' title='bbox 1051 1407 1265 1465; x_wconf 86' lang='lat' dir='ltr'><strong>explicare</strong></span> <span class='ocrx_word' id='word_1_73' title='bbox 1312 1408 1591 1466; x_wconf 83' lang='lat' dir='ltr'><strong>susciperem.</strong></span> <span class='ocrx_word' id='word_1_74' title='bbox 1671 1407 1800 1451; x_wconf 79' lang='lat' dir='ltr'><strong>Aliud</strong></span> <span class='ocrx_word' id='word_1_75' title='bbox 1853 1406 2130 1467; x_wconf 85' lang='lat' dir='ltr'><strong>spectabam,</strong></span> 
     </span>
     <span class='ocr_line' id='line_1_10' title="bbox 408 1525 2137 1585; baseline -0.002 -13"><span class='ocrx_word' id='word_1_76' title='bbox 408 1527 726 1585; x_wconf 88' lang='lat' dir='ltr'><strong>praecipueque</strong></span> <span class='ocrx_word' id='word_1_77' title='bbox 758 1526 833 1578; x_wconf 84' lang='lat' dir='ltr'><strong>id,</strong></span> <span class='ocrx_word' id='word_1_78' title='bbox 866 1527 979 1583; x_wconf 90' lang='lat' dir='ltr'><strong>quod</strong></span> <span class='ocrx_word' id='word_1_79' title='bbox 1018 1527 1174 1571; x_wconf 85' lang='lat' dir='ltr'><strong>Caesar</strong></span> <span class='ocrx_word' id='word_1_80' title='bbox 1209 1525 1261 1569; x_wconf 90' lang='lat' dir='ltr'><strong>de</strong></span> <span class='ocrx_word' id='word_1_81' title='bbox 1293 1525 1525 1578; x_wconf 88' lang='lat' dir='ltr'><strong>Cicerone,</strong></span> <span class='ocrx_word' id='word_1_82' title='bbox 1557 1526 1611 1570; x_wconf 91' lang='lat' dir='ltr'><strong>ad</strong></span> <span class='ocrx_word' id='word_1_83' title='bbox 1640 1527 1783 1583; x_wconf 89' lang='lat' dir='ltr'><strong>ipsum</strong></span> <span class='ocrx_word' id='word_1_84' title='bbox 1817 1525 2039 1577; x_wconf 84' lang='lat' dir='ltr'><strong>scribens,</strong></span> <span class='ocrx_word' id='word_1_85' title='bbox 2072 1527 2137 1568; x_wconf 94' lang='lat' dir='ltr'><strong>iu-</strong></span> 
     </span>
     <span class='ocr_line' id='line_1_11' title="bbox 407 1644 2136 1702; baseline 0 -14"><span class='ocrx_word' id='word_1_86' title='bbox 407 1645 657 1695; x_wconf 86' lang='lat' dir='ltr'><strong>dicaverat,</strong></span> <span class='ocrx_word' id='word_1_87' title='bbox 704 1657 840 1702; x_wconf 92' lang='lat' dir='ltr'><strong>quum</strong></span> <span class='ocrx_word' id='word_1_88' title='bbox 889 1644 1053 1689; x_wconf 89' lang='lat' dir='ltr'><strong>diceret</strong></span> <span class='ocrx_word' id='word_1_89' title='bbox 1101 1657 1201 1689; x_wconf 92' lang='lat' dir='ltr'><strong>eum</strong></span> <span class='ocrx_word' id='word_1_90' title='bbox 1247 1644 1487 1702; x_wconf 88' lang='lat' dir='ltr'><strong>principem</strong></span> <span class='ocrx_word' id='word_1_91' title='bbox 1536 1649 1666 1701; x_wconf 86' lang='lat' dir='ltr'><strong>atque</strong></span> <span class='ocrx_word' id='word_1_92' title='bbox 1719 1644 1987 1688; x_wconf 78' lang='lat' dir='ltr'><strong>inventorem</strong></span> <span class='ocrx_word' id='word_1_93' title='bbox 2043 1657 2136 1688; x_wconf 91' lang='lat' dir='ltr'><strong>esse</strong></span> 
     </span>
     <span class='ocr_line' id='line_1_12' title="bbox 409 1755 2138 1820; baseline -0.001 -12"><span class='ocrx_word' id='word_1_94' title='bbox 409 1766 503 1808; x_wconf 90' lang='lat' dir='ltr'><strong>eius</strong></span> <span class='ocrx_word' id='word_1_95' title='bbox 535 1755 683 1820; x_wconf 81' lang='lat' dir='ltr'><strong>copiae</strong></span> <span class='ocrx_word' id='word_1_96' title='bbox 704 1797 714 1815; x_wconf 96' lang='lat'><strong>,</strong></span> <span class='ocrx_word' id='word_1_97' title='bbox 752 1763 824 1807; x_wconf 92' lang='lat' dir='ltr'><strong>cui</strong></span> <span class='ocrx_word' id='word_1_98' title='bbox 864 1764 939 1820; x_wconf 90' lang='lat' dir='ltr'><strong>qui</strong></span> <span class='ocrx_word' id='word_1_99' title='bbox 969 1761 1224 1813; x_wconf 88' lang='lat' dir='ltr'><strong>studerent,</strong></span> <span class='ocrx_word' id='word_1_100' title='bbox 1268 1763 1455 1819; x_wconf 85' lang='lat' dir='ltr'><strong>cogitata</strong></span> <span class='ocrx_word' id='word_1_101' title='bbox 1496 1761 1717 1820; x_wconf 88' lang='lat' dir='ltr'><strong>praeclare</strong></span> <span class='ocrx_word' id='word_1_102' title='bbox 1757 1761 1900 1820; x_wconf 88' lang='lat' dir='ltr'><strong>eloqui</strong></span> <span class='ocrx_word' id='word_1_103' title='bbox 1938 1768 2138 1820; x_wconf 89' lang='lat' dir='ltr'><strong>possent;</strong></span> 
     </span>
     <span class='ocr_line' id='line_1_13' title="bbox 411 1880 2137 1940; baseline -0.001 -13"><span class='ocrx_word' id='word_1_104' title='bbox 411 1895 635 1940; x_wconf 89' lang='lat' dir='ltr'><strong>quumque</strong></span> <span class='ocrx_word' id='word_1_105' title='bbox 667 1894 752 1925; x_wconf 93' lang='lat' dir='ltr'><strong>non</strong></span> <span class='ocrx_word' id='word_1_106' title='bbox 785 1881 1004 1926; x_wconf 87' lang='lat' dir='ltr'><strong>dubitaret</strong></span> <span class='ocrx_word' id='word_1_107' title='bbox 1036 1880 1253 1926; x_wconf 87' lang='lat' dir='ltr'><strong>affirmare</strong></span> <span class='ocrx_word' id='word_1_108' title='bbox 1287 1880 1517 1925; x_wconf 87' lang='lat' dir='ltr'><strong>verborum</strong></span> <span class='ocrx_word' id='word_1_109' title='bbox 1545 1881 1760 1926; x_wconf 90' lang='lat' dir='ltr'><strong>delectum</strong></span> <span class='ocrx_word' id='word_1_110' title='bbox 1799 1881 2011 1939; x_wconf 86' lang='lat' dir='ltr'><strong>originem</strong></span> <span class='ocrx_word' id='word_1_111' title='bbox 2044 1896 2137 1926; x_wconf 90' lang='lat' dir='ltr'><strong>esse</strong></span> 
     </span>
     <span class='ocr_line' id='line_1_14' title="bbox 410 2000 2134 2060; baseline 0 -15"><span class='ocrx_word' id='word_1_112' title='bbox 410 2002 692 2058; x_wconf 86' lang='lat' dir='ltr'><strong>eloquentiae.</strong></span> <span class='ocrx_word' id='word_1_113' title='bbox 758 2001 899 2055; x_wconf 87' lang='lat' dir='ltr'><strong>Quid,</strong></span> <span class='ocrx_word' id='word_1_114' title='bbox 947 2001 1060 2060; x_wconf 91' lang='lat' dir='ltr'><strong>quod</strong></span> <span class='ocrx_word' id='word_1_115' title='bbox 1106 2002 1196 2059; x_wconf 88' lang='lat' dir='ltr'><strong>ipse</strong></span> <span class='ocrx_word' id='word_1_116' title='bbox 1233 2000 1382 2044; x_wconf 86' lang='lat' dir='ltr'><strong>Cicero</strong></span> <span class='ocrx_word' id='word_1_117' title='bbox 1424 2001 1711 2058; x_wconf 90' lang='lat' dir='ltr'><strong>pronunciat,</strong></span> <span class='ocrx_word' id='word_1_118' title='bbox 1753 2000 1891 2045; x_wconf 90' lang='lat' dir='ltr'><strong>solum</strong></span> <span class='ocrx_word' id='word_1_119' title='bbox 1934 2005 1978 2045; x_wconf 88' lang='lat' dir='ltr'><strong>et</strong></span> <span class='ocrx_word' id='word_1_120' title='bbox 2010 2003 2134 2058; x_wconf 90' lang='lat' dir='ltr'><strong>quasi</strong></span> 
     </span>
     <span class='ocr_line' id='line_1_15' title="bbox 412 2120 2133 2179; baseline 0 -17"><span class='ocrx_word' id='word_1_121' title='bbox 412 2120 747 2163; x_wconf 84' lang='lat' dir='ltr'><strong>fundamentum</strong></span> <span class='ocrx_word' id='word_1_122' title='bbox 787 2120 972 2163; x_wconf 86' lang='lat' dir='ltr'><strong>oratoris</strong></span> <span class='ocrx_word' id='word_1_123' title='bbox 1019 2134 1111 2163; x_wconf 88' lang='lat' dir='ltr'><strong>esse</strong></span> <span class='ocrx_word' id='word_1_124' title='bbox 1158 2120 1419 2163; x_wconf 91' lang='lat' dir='ltr'><strong>locutionem</strong></span> <span class='ocrx_word' id='word_1_125' title='bbox 1460 2120 1731 2163; x_wconf 88' lang='lat' dir='ltr'><strong>emendatam</strong></span> <span class='ocrx_word' id='word_1_126' title='bbox 1774 2126 1817 2163; x_wconf 87' lang='lat' dir='ltr'><strong>et</strong></span> <span class='ocrx_word' id='word_1_127' title='bbox 1860 2120 2057 2163; x_wconf 87' lang='lat' dir='ltr'><strong>Latinam</strong></span> <span class='ocrx_word' id='word_1_128' title='bbox 2085 2120 2133 2179; x_wconf 84' lang='lat'><strong>2).</strong></span> 
     </span>
     <span class='ocr_line' id='line_1_16' title="bbox 410 2236 2134 2296; baseline -0.001 -15"><span class='ocrx_word' id='word_1_129' title='bbox 410 2239 522 2281; x_wconf 90' lang='lat' dir='ltr'><strong>Sunt</strong></span> <span class='ocrx_word' id='word_1_130' title='bbox 564 2251 666 2282; x_wconf 86' lang='lat' dir='ltr'><strong>sane</strong></span> <span class='ocrx_word' id='word_1_131' title='bbox 698 2238 808 2282; x_wconf 87' lang='lat' dir='ltr'><strong>aliae</strong></span> <span class='ocrx_word' id='word_1_132' title='bbox 834 2237 960 2281; x_wconf 85' lang='lat' dir='ltr'><strong>dotes</strong></span> <span class='ocrx_word' id='word_1_133' title='bbox 997 2238 1201 2280; x_wconf 88' lang='lat' dir='ltr'><strong>orationis</strong></span> <span class='ocrx_word' id='word_1_134' title='bbox 1221 2273 1232 2287; x_wconf 89' lang='lat'>‚</span> <span class='ocrx_word' id='word_1_135' title='bbox 1275 2251 1381 2295; x_wconf 87' lang='lat' dir='ltr'><strong>quas</strong></span> <span class='ocrx_word' id='word_1_136' title='bbox 1414 2239 1487 2296; x_wconf 91' lang='lat' dir='ltr'><strong>qui</strong></span> <span class='ocrx_word' id='word_1_137' title='bbox 1521 2238 1563 2281; x_wconf 90' lang='lat' dir='ltr'><strong>in</strong></span> <span class='ocrx_word' id='word_1_138' title='bbox 1597 2236 1778 2281; x_wconf 90' lang='lat' dir='ltr'><strong>dicendo</strong></span> <span class='ocrx_word' id='word_1_139' title='bbox 1809 2236 1964 2289; x_wconf 79' lang='lat' dir='ltr'><strong>affert,</strong></span> <span class='ocrx_word' id='word_1_140' title='bbox 1998 2238 2035 2280; x_wconf 91' lang='lat' dir='ltr'><strong>is</strong></span> <span class='ocrx_word' id='word_1_141' title='bbox 2067 2237 2134 2281; x_wconf 91' lang='lat' dir='ltr'><strong>de-</strong></span> 
     </span>
     <span class='ocr_line' id='line_1_17' title="bbox 410 2354 2136 2414; baseline -0.002 -13"><span class='ocrx_word' id='word_1_142' title='bbox 410 2370 533 2401; x_wconf 87' lang='lat' dir='ltr'><strong>mum</strong></span> <span class='ocrx_word' id='word_1_143' title='bbox 572 2355 871 2402; x_wconf 83' lang='lat' dir='ltr'><strong>admirabilem</strong></span> <span class='ocrx_word' id='word_1_144' title='bbox 905 2354 1192 2413; x_wconf 85' lang='lat' dir='ltr'><strong>eloquentiam</strong></span> <span class='ocrx_word' id='word_1_145' title='bbox 1228 2355 1412 2401; x_wconf 87' lang='lat' dir='ltr'><strong>efficiat:</strong></span> <span class='ocrx_word' id='word_1_146' title='bbox 1459 2356 1531 2401; x_wconf 90' lang='lat' dir='ltr'><strong>sed</strong></span> <span class='ocrx_word' id='word_1_147' title='bbox 1571 2355 1643 2400; x_wconf 91' lang='lat' dir='ltr'><strong>ubi</strong></span> <span class='ocrx_word' id='word_1_148' title='bbox 1675 2357 1759 2401; x_wconf 87' lang='lat' dir='ltr'><strong>ista</strong></span> <span class='ocrx_word' id='word_1_149' title='bbox 1790 2355 1886 2401; x_wconf 67' lang='lat' dir='ltr'><strong>fuse</strong></span> <span class='ocrx_word' id='word_1_150' title='bbox 1919 2358 2136 2414; x_wconf 85' lang='lat' dir='ltr'><strong>persequi-</strong></span> 
     </span>
     <span class='ocr_line' id='line_1_18' title="bbox 412 2475 2132 2534; baseline 0.001 -16"><span class='ocrx_word' id='word_1_151' title='bbox 412 2483 485 2519; x_wconf 85' lang='lat' dir='ltr'><strong>tur</strong></span> <span class='ocrx_word' id='word_1_152' title='bbox 528 2481 570 2519; x_wconf 87' lang='lat' dir='ltr'><strong>et</strong></span> <span class='ocrx_word' id='word_1_153' title='bbox 620 2475 807 2532; x_wconf 83' lang='lat' dir='ltr'><strong>egregiis</strong></span> <span class='ocrx_word' id='word_1_154' title='bbox 854 2477 1092 2532; x_wconf 86' lang='lat' dir='ltr'><strong>praeceptis</strong></span> <span class='ocrx_word' id='word_1_155' title='bbox 1134 2475 1338 2519; x_wconf 84' lang='lat' dir='ltr'><strong>informat</strong></span> <span class='ocrx_word' id='word_1_156' title='bbox 1386 2478 1562 2525; x_wconf 86' lang='lat' dir='ltr'><strong>Cicero,</strong></span> <span class='ocrx_word' id='word_1_157' title='bbox 1607 2482 1820 2520; x_wconf 89' lang='lat' dir='ltr'><strong>oratorem</strong></span> <span class='ocrx_word' id='word_1_158' title='bbox 1863 2476 2132 2534; x_wconf 90' lang='lat' dir='ltr'><strong>potissimum</strong></span> 
     </span>
    </p>
   </div>
   <div class='ocr_carea' id='block_1_4' title="bbox 411 2593 2135 2653">
    <p class='ocr_par' dir='ltr' id='par_1_4' title="bbox 411 2593 2135 2653">
     <span class='ocr_line' id='line_1_19' title="bbox 411 2593 2135 2653; baseline 0.001 -17"><span class='ocrx_word' id='word_1_159' title='bbox 411 2595 582 2652; x_wconf 85' lang='lat' dir='ltr'><strong>quaerit</strong></span> <span class='ocrx_word' id='word_1_160' title='bbox 622 2593 687 2638; x_wconf 91' lang='lat' dir='ltr'><strong>vel</strong></span> <span class='ocrx_word' id='word_1_161' title='bbox 722 2593 964 2645; x_wconf 79' lang='lat' dir='ltr'><strong>sorensem,</strong></span> <span class='ocrx_word' id='word_1_162' title='bbox 1007 2594 1071 2639; x_wconf 89' lang='lat' dir='ltr'><strong>vel</strong></span> <span class='ocrx_word' id='word_1_163' title='bbox 1106 2608 1206 2640; x_wconf 91' lang='lat' dir='ltr'><strong>eum</strong></span> <span class='ocrx_word' id='word_1_164' title='bbox 1236 2596 1309 2653; x_wconf 88' lang='lat' dir='ltr'><strong>qui</strong></span> <span class='ocrx_word' id='word_1_165' title='bbox 1354 2595 1682 2641; x_wconf 87' lang='lat' dir='ltr'><strong>delectationem</strong></span> <span class='ocrx_word' id='word_1_166' title='bbox 1715 2596 1855 2652; x_wconf 84' lang='lat' dir='ltr'><strong>magis</strong></span> <span class='ocrx_word' id='word_1_167' title='bbox 1887 2601 1929 2639; x_wconf 85' lang='lat' dir='ltr'><strong>et</strong></span> <span class='ocrx_word' id='word_1_168' title='bbox 1962 2595 2135 2639; x_wconf 88' lang='lat' dir='ltr'><strong>aurium</strong></span> 
     </span>
    </p>
   </div>
   <div class='ocr_carea' id='block_1_5' title="bbox 462 2898 2137 2948">
    <p class='ocr_par' dir='ltr' id='par_1_5' title="bbox 462 2898 2137 2948">
     <span class='ocr_line' id='line_1_20' title="bbox 462 2898 2137 2948; baseline 0 -13"><span class='ocrx_word' id='word_1_169' title='bbox 462 2898 491 2948; x_wconf 88' lang='lat'><strong>¹)</strong></span> <span class='ocrx_word' id='word_1_170' title='bbox 521 2906 559 2935; x_wconf 85' lang='lat' dir='ltr'><strong>G.</strong></span> <span class='ocrx_word' id='word_1_171' title='bbox 581 2905 789 2936; x_wconf 51' lang='lat' dir='ltr'><strong>Bnuunnm.</strong></span> <span class='ocrx_word' id='word_1_172' title='bbox 819 2904 1002 2936; x_wconf 84' lang='lat' dir='ltr'><strong>Grundriss</strong></span> <span class='ocrx_word' id='word_1_173' title='bbox 1031 2904 1089 2935; x_wconf 89' lang='lat' dir='ltr'><strong>der</strong></span> <span class='ocrx_word' id='word_1_174' title='bbox 1117 2905 1319 2936; x_wconf 75' lang='lat' dir='ltr'><strong>Romisehen</strong></span> <span class='ocrx_word' id='word_1_175' title='bbox 1351 2904 1528 2935; x_wconf 84' lang='lat' dir='ltr'><strong>Literatur.</strong></span> <span class='ocrx_word' id='word_1_176' title='bbox 1585 2904 1680 2934; x_wconf 86' lang='lat' dir='ltr'><strong>Erste</strong></span> <span class='ocrx_word' id='word_1_177' title='bbox 1709 2902 1810 2934; x_wconf 84' lang='lat' dir='ltr'><strong>Abth.</strong></span> <span class='ocrx_word' id='word_1_178' title='bbox 1843 2914 1877 2945; x_wconf 92' lang='lat' dir='ltr'><strong>p.</strong></span> <span class='ocrx_word' id='word_1_179' title='bbox 1897 2903 1984 2936; x_wconf 85' lang='lat'><strong>230.</strong></span> <span class='ocrx_word' id='word_1_180' title='bbox 2013 2903 2064 2935; x_wconf 80' lang='lat' dir='ltr'><strong>ed.</strong></span> <span class='ocrx_word' id='word_1_181' title='bbox 2085 2905 2137 2935; x_wconf 69' lang='lat'><strong>3³.</strong></span> 
     </span>
    </p>
   </div>
   <div class='ocr_carea' id='block_1_6' title="bbox 461 2989 1497 3037">
    <p class='ocr_par' dir='ltr' id='par_1_6' title="bbox 461 2989 1497 3037">
     <span class='ocr_line' id='line_1_21' title="bbox 461 2989 1497 3037; baseline 0.001 -11"><span class='ocrx_word' id='word_1_182' title='bbox 461 2989 491 3037; x_wconf 74' lang='lat'><strong>²)</strong></span> <span class='ocrx_word' id='word_1_183' title='bbox 522 2997 614 3026; x_wconf 87' lang='lat' dir='ltr'><strong>Brut.</strong></span> <span class='ocrx_word' id='word_1_184' title='bbox 647 2996 721 3026; x_wconf 82' lang='lat'><strong>252</strong></span> <span class='ocrx_word' id='word_1_185' title='bbox 752 3006 802 3036; x_wconf 92' lang='lat' dir='ltr'><strong>sq.</strong></span> <span class='ocrx_word' id='word_1_186' title='bbox 835 2999 869 3025; x_wconf 86' lang='lat' dir='ltr'><strong>et</strong></span> <span class='ocrx_word' id='word_1_187' title='bbox 899 2996 985 3027; x_wconf 82' lang='lat'><strong>258.</strong></span> <span class='ocrx_word' id='word_1_188' title='bbox 1466 2991 1497 3009; x_wconf 73' lang='lat'><strong>’⁶</strong></span> 
     </span>
    </p>
   </div>
   <div class='ocr_carea' id='block_1_7' title="bbox 2225 3738 2767 3789">
    <p class='ocr_par' dir='ltr' id='par_1_7' title="bbox 2225 3738 2767 3789">
     <span class='ocr_line' id='line_1_22' title="bbox 2225 3738 2767 3789; baseline 0 0"><span class='ocrx_word' id='word_1_189' title='bbox 2225 3738 2767 3789; x_wconf 95' lang='lat' dir='ltr'><strong> </strong></span> 
     </span>
    </p>
   </div>
  </div>
 </body>
</html>
