2767 3789
1264 438 1323 479 25<

427 602 567 659 legat,
597 601 702 642 totas
717 599 852 640 noctes
876 594 1133 644 dormimus,
1164 606 1299 651 neque
1325 590 1417 635 ulla
1445 597 1505 635 est
1531 593 1622 649 sere
1653 604 1736 648 qua
1767 604 1851 634 non
1876 589 2140 634 somniemus.

366 722 387 746 ⁸
428 717 511 765 Sed
541 714 763 763 novissimi
788 712 999 766 editoreS,
1029 709 1224 757 fortasse
1251 710 1452 762 licentiae
1482 709 1648 755 crimen
1685 707 1923 768 fugientes,
1957 711 2141 756 stultam

426 840 470 883 in
513 835 853 882 elaboratissima
886 832 1179 892 disputatione
1217 830 1476 887 sententiam
1509 835 1764 879 servarunt,
1804 835 1845 873 et
1885 837 2141 887 spreverunt

426 958 496 1008 id,
537 955 651 1014 quod
685 955 771 998 iam
810 958 912 997 ante
950 951 1035 996 tria
1066 949 1201 995 ferme
1243 947 1387 1006 secula
1413 952 1641 993 monuerat
1680 947 1889 992 Muretus.
1952 947 2013 992 Ne
2052 954 2140 993 tam

425 1075 570 1119 divino
609 1071 785 1130 quidem
818 1070 992 1128 ingenio
1023 1082 1140 1127 vopus
1168 1073 1290 1118 erat,
1322 1080 1407 1124 quo
1448 1065 1529 1109 hoc
1561 1066 1854 1116 inveniretur,
1886 1065 1960 1109 sed
2000 1069 2143 1110 animo

428 1192 480 1243 ab
516 1190 635 1235 omni
667 1188 973 1247 superstitione
1003 1199 1171 1237 vacuo‚·
1204 1185 1423 1241 libereque
1455 1184 1636 1228 rationis
1669 1184 1936 1241 praescripta
1966 1198 2145 1241 sequen-

427 1316 482 1353 te.
548 1308 678 1353 Utilia
716 1319 842 1364 saepe
873 1310 916 1350 et
947 1303 1217 1365 admirabilia
1260 1314 1583 1360 nonnumquam
1622 1301 1804 1360 proferri
1842 1316 1868 1346 e
1902 1302 2144 1360 diligentis-

428 1430 535 1471 sim'a
562 1426 766 1471 Codicum
794 1426 908 1468 inter
940 1437 985 1467 se
1016 1422 1269 1473 collatione,
1302 1422 1363 1464 ita
1399 1427 1448 1463 ut
1479 1434 1530 1463 ex
1564 1420 1719 1463 ultima
1749 1421 2018 1479 corruptelae
2047 1435 2141 1478 pro-

426 1546 652 1604 pagatione
694 1540 1029 1587 adscenderetur
1063 1538 1117 1584 ad
1158 1539 1296 1597 ipsam
1328 1537 1474 1584 mendi
1504 1539 1747 1596 originem,
1789 1539 1933 1597 itaque
1970 1539 2139 1586 facilius

426 1662 575 1707 verum
614 1659 726 1720 quod
754 1665 864 1706 esset
893 1664 1141 1718 appareret,
1181 1671 1263 1726 non
1299 1670 1433 1716 nego;
1464 1658 1537 1702 sed
1571 1659 1654 1702 ista
1686 1658 1898 1703 contendo
1940 1672 2024 1702 non
2054 1674 2141 1704 ma·

424 1781 658 1824 thematica
692 1775 1056 1823 demonstratione
1090 1776 1297 1827 obtineri,
1344 1781 1386 1819 et
1418 1776 1542 1833 longe
1573 1778 1853 1833 gravissimas
1892 1785 2035 1835 partes
2080 1782 2140 1822 in·

424 1898 663 1957 vestigandi
705 1911 797 1942 esse
833 1896 1013 1941 rationis
1046 1894 1227 1946 liberae,
1259 1907 1368 1952 quae
1401 1896 1483 1939 nisi
1511 1901 1681 1954 praesto
1712 1896 1796 1947 sit,
1837 1896 1879 1939 in
1912 1899 2136 1954 argutissi-

423 2030 491 2060 ma
535 2017 761 2061 collatione
803 2028 945 2059 merae
988 2014 1189 2058 tenebrae
1220 2013 1516 2058 dominentur'
1540 2027 1711 2058 necesse
1753 2021 1831 2057 est.
1896 2015 2016 2069 Quod
2052 2018 2135 2059 nisi

421 2135 706 2186 concedetur,
738 2142 877 2177 totum
905 2134 984 2176 hoc
1000 2133 1250 2176 institutum
1274 2132 1630 2190 corrigendarum
1650 2139 1844 2177 veterum
1866 2134 2135 2179 membrana-

420 2266 516 2297 rum
562 2266 643 2297 non
693 2253 788 2297 dico
822 2250 1110 2296 abiiciendum
1144 2251 1259 2302 erit,
1294 2251 1366 2295 sed
1405 2252 1551 2295 sterile
1586 2253 1629 2294 in
1669 2253 1821 2309 primis
1859 2255 1941 2297 erit
1979 2254 2133 2297 haben-

420 2373 536 2415 dum.
611 2373 798 2423 Contra,
844 2372 924 2413 hac
972 2384 1057 2411 una
1098 2372 1469 2413 commendatione
1514 2374 1694 2421 nititur,
1736 2372 1847 2428 quod
1889 2372 2131 2415 efficacissi-

421 2505 535 2533 mam
569 2488 694 2533 affert
726 2488 888 2545 ingenii
920 2486 1102 2532 acuendi
1134 2487 1517 2539 exercitationem,
1564 2488 1864 2547 cogitandique
1898 2496 2013 2537 recte
2048 2505 2130 2537 non

419 2609 564 2654 minus
604 2621 732 2668 quam
777 2608 884 2654 hene
920 2607 1089 2652 dicendi
1125 2607 1372 2653 facultatem
1417 2609 1506 2653 alit.
1573 2610 1670 2654 Sive
1706 2611 1817 2653 enim
1863 2618 2131 2657 constantem

419 2735 461 2771 et
497 2730 813 2786 conspirantem
843 2729 1047 2773 Codicum
1087 2731 1387 2773 auctoritatem
1431 2728 1822 2787 deprehendimus,
1868 2731 1957 2773 sive
1990 2732 2135 2774 infini-

421 2855 508 2893 tam
550 2848 830 2898 varietatem‚
874 2848 1005 2893 nullis
1037 2849 1276 2895 rationibus
1311 2849 1607 2894 demonstrare
1638 2848 1782 2893 licebit
1818 2850 1913 2894 iure
1959 2864 2036 2895 nos
2078 2850 2135 2894 os-

418 2967 614 3022 l'endere,
651 2967 733 3012 nisi
762 2980 872 3026 quae
904 2970 1102 3015 oriantur
1128 2983 1179 3015 ex
1203 2971 1376 3029 penitus
1409 2974 1628 3027 perspecta
1660 2969 1768 3013 recti
1799 2971 2010 3014 sermonis
2043 2970 2134 3028 lege

1747 3093 1768 3125 4
