2767 3789
1332 431 1451 503 18·

490 586 559 631 vel
591 585 778 632 aliorum
797 617 808 636 ,
842 580 910 627 vel
943 581 1061 633 suis,
1095 580 1150 627 de
1178 581 1267 628 alio
1286 596 1446 641 genere
1476 580 1843 649 librorum-pihss.
1909 587 2022 642 Quid
2049 590 2219 648 igitur?

492 704 663 751 Nihilne
696 703 916 762 pertinere
956 703 1040 747 ista
1071 701 1269 748 dicemus
1301 701 1357 747 ad
1389 702 1602 749 eiusmodi
1637 703 1905 756 orationem,
1938 719 2025 763 qua
2054 710 2156 767 quis
2181 712 2224 754 in

493 793 724 868 scribendo
751 827 906 867 utatur
944 821 1010 866 vel
1046 821 1227 867 docendi
1255 823 1464 876 consilio,
1496 822 1563 868 vel
1596 822 1832 876 narrandi,
1864 822 1931 868 vel
1964 830 2014 869 ut
2050 830 2228 883 quaevis

496 943 652 990 iudicii
683 942 886 995 decreta,
934 943 1111 1000 quaevis
1144 943 1309 1001 ingenii
1345 943 1551 994 inventa,
1586 945 1762 1002 quosvis
1802 944 1937 989 animi
1973 957 2128 989 sensus
2159 960 2228 990 ex-

496 1064 658 1121 plicare
691 1061 900 1106 conetur?
950 1061 1242 1119 Respondebit
1276 1075 1354 1120 pro
1386 1076 1455 1107 me
1487 1061 1639 1107 Cicero
1673 1062 1778 1121 ipse.
1843 1063 2061 1118 Quantum
2096 1064 2227 1108 inter-

496 1185 553 1227 sit
586 1183 701 1226 inter
735 1180 1086 1238 splendidissima
1131 1180 1354 1225 Tullianae
1386 1181 1655 1240 eloquentiae
1691 1188 2000 1237 monumenta,
2044 1184 2227 1228 Accusa-

498 1301 628 1344 tionis
671 1298 832 1349 lihroS,
881 1297 1000 1342 verbi
1033 1310 1195 1349 causa,
1242 1303 1318 1342 aut
1350 1298 1658 1352 Milonianam,
1705 1307 1749 1344 et
1779 1314 1829 1345 ea
1868 1302 2089 1347 volumina
2121 1316 2231 1361 quae

499 1418 795 1478 philosophiae
824 1417 996 1475 placitis
1023 1418 1289 1475 explicandis
1316 1418 1694 1477 diiudicandisque
1722 1419 2079 1472 destinabantur,
2107 1434 2234 1464 nemo

500 1552 585 1582 uon
615 1537 867 1582 admonitus
894 1537 1118 1593 agnoscit:
1154 1537 1312 1594 quippe
1346 1537 1391 1579 in
1422 1537 1507 1581 illis
1540 1538 1759 1583 contentio
1792 1539 2001 1583 orationis
2036 1538 2232 1584 domina·

506 1665 609 1709 tur,
647 1659 690 1700 in
724 1657 792 1700 his
825 1669 908 1699 non
944 1657 1027 1699 nisi
1063 1656 1276 1700 sermonis
1317 1657 1441 1713 quasi
1474 1656 1686 1714 quaedam
1720 1657 2026 1714 tranquillitas.
2090 1659 2231 1716 Igitur

503 1777 674 1834 egregie
715 1776 900 1820 sensisse
943 1789 1041 1820 eum
1083 1774 1472 1820 animadvertimus
1503 1775 1609 1834 quid
1647 1775 1850 1827 deceret·;
1880 1776 2129 1837 frustraque
2172 1792 2235 1823 re·

504 1899 723 1954 quirimus
753 1897 796 1940 in
829 1897 973 1940 aureis
1001 1896 1085 1939 illis
1118 1895 1370 1940 Officiorum
1395 1896 1519 1940 libris
1546 1896 1613 1940 vel
1647 1896 1810 1954 figuras
1837 1898 2045 1941 orationis
2074 1904 2117 1942 et
2145 1912 2236 1943 sen-

509 2018 776 2066 tentiarum,
831 2015 896 2057 vel
940 2028 1168 2057 numerose
1218 2015 1362 2057 finitas
1410 2014 1816 2073 comprehensiones
1863 2015 2122 2069 verborum,
2172 2018 2235 2062 vel

509 2136 699 2180 studiose
732 2135 972 2191 quaesitam
1004 2136 1341 2179 concinnitatem
1362 2170 1372 2186 ‚
1407 2148 1492 2191 quo
1522 2148 1679 2191 genere
1706 2141 2060 2179 ornamentorum
2093 2142 2237 2180 metus

507 2261 598 2299 erat
634 2268 687 2298 ne
722 2256 786 2298 vis
821 2254 912 2311 ipsa
951 2254 1285 2311 argumentandi
1318 2258 1612 2298 enervaretur.
1681 2252 1763 2297 Sed
1796 2252 2120 2297 demonstrandi
2153 2270 2235 2298 non

512 2390 644 2418 unum
665 2387 804 2430 genus
822 2379 899 2416 est.
935 2372 1041 2415 Nam
1058 2406 1068 2419 .
1086 2375 1121 2415 si
1142 2373 1385 2416 Stoicorum
1405 2385 1523 2416 more
1541 2372 1712 2429 singula
1729 2373 1896 2416 ratione
1914 2348 2235 2426 concludimus,

511 2495 704 2552 nihilque
738 2492 857 2537 aliud
900 2498 1146 2550 spectamus
1169 2493 1273 2541 ,nisi
1324 2500 1403 2545 ut,
1440 2491 1553 2550 quod
1586 2491 1882 2536 mathematici
1915 2492 2076 2543 solent,
2109 2497 2240 2537 certis

514 2615 710 2658 numeris
738 2627 787 2656 ac
812 2612 966 2669 figuris
991 2612 1260 2655 obtineamus
1290 2612 1357 2665 id,
1388 2611 1501 2670 quod
1528 2610 1698 2655 efficere
1723 2623 1971 2668 speremuS,
2000 2611 2241 2657 abiicienda

513 2747 614 2777 sane
644 2740 709 2777 est
751 2733 892 2775 omnis
933 2744 1040 2774 cura
1080 2730 1314 2775 struendae
1354 2730 1658 2787 ornandaeque
1685 2730 1919 2774 orationis:
1952 2731 2043 2782 sin,
2074 2745 2123 2775 eo
2156 2744 2239 2775 non

515 2853 728 2902 contenti,
762 2851 937 2895 lautiori
957 2864 1092 2894 cursu
1111 2856 1152 2894 et
1173 2850 1353 2894 flumine
1371 2856 1414 2894 et
1432 2849 1553 2907 copia
1582 2848 1812 2894 verborum
1841 2850 2244 2907 sententiarumque

514 2972 737 3028 aliquanto
766 2969 944 3013 liberius
977 2970 1042 3013 uti
1073 2970 1371 3026 aggredimur,
1408 2971 1468 3012 ita
1497 2976 1544 3013 ut
1578 2968 1791 3013 sentiendi
1820 2969 2125 3027 indulgeamus
2157 2981 2242 3013 mo·
