2767 3789
1029 0 1046 10 ἢ
1093 0 1096 5 “
1130 0 1158 13 Ἰν
1169 0 1229 20 ’ὡκ-ῃ
1240 0 1536 19 afa-Uer-,W-Wr*
1544 0 1558 5 w

1302 393 1370 458 '26

492 575 537 617 et
569 575 755 621 natura,
789 573 881 612 tum
899 601 915 620 ,
954 569 1000 613 in
1043 569 1273 614 sententiis
1309 580 1551 625 earumque
1583 565 1927 619 conformatione
1955 576 2006 617 et.
2043 572 2218 617 coniun-

495 691 665 740 ctione,
707 699 761 733 ex
803 686 961 734 intimo
1002 699 1135 735 sensu
1171 687 1268 734 eius
1310 685 1425 746 quod
1466 684 1554 733 dici
1592 683 1657 732 vel
1689 698 1865 734 necesse
1895 686 1978 740 sit,
2009 689 2078 736 vel
2103 704 2222 750 opor·
2256 697 2280 718 ⁶

493 813 605 857 teat,
637 803 706 848 vel
732 804 896 850 deceat.
964 805 1087 863 Quod
1115 807 1153 850 si
1183 805 1270 865 hoq
1293 806 1472 851 omnino
1498 817 1649 853 verum
1679 811 1767 858 est,
1797 811 1943 851 tamen
1974 805 2102 866 longe
2131 809 2224 868 plu-

492 924 658 972 rimum
688 923 802 971 valet
830 922 875 968 in
907 936 1060 969 eorum
1092 921 1571 985 scriptis0tractandis,
1615 937 1725 982 qnos
1754 924 1972 984 principes
1999 930 2044 970 et
2074 933 2221 972 aucto·

496 1056 567 1088 res
599 1058 683 1088 non
717 1046 859 1103 magis
889 1043 997 1089 bene
1029 1042 1232 1095 dicendi,
1276 1057 1407 1102 quam
1440 1049 1560 1088 recte
1601 1043 1820 1103 cogitandi
1863 1043 2072 1091 habemus
2099 1021 2226 1113 ’quos

497 1162 777 1216 intueamur,
816 1164 930 1209 sicut
975 1176 999 1207 e
1042 1162 1219 1207 Graecis
1258 1162 1477 1208 Platonem
1524 1169 1568 1208 et
1599 1163 1956 1217 Demosthenem,
2001 1179 2025 1210 e
2057 1165 2225 1211 Latinis

496 1281 774 1333 Ciceronem,
815 1293 1002 1339 quorum
1036 1280 1330 1325 voluminibus
1371 1282 1579 1328 continuo
1613 1281 1834 1327 volvendis
1854 1316 1865 1334 ‚
1896 1245 2225 1343 investiganda·
2263 1282 2268 1287 ’

490 1413 576 1457 que
609 1414 752 1446 causa„
770 1406 814 1447 et
856 1405 1014 1446 natura
1044 1404 1190 1445 tantae
1220 1398 1527 1452 excellentiae,
1568 1399 1688 1445 nulla
1724 1399 1947 1446 inficimur
1987 1403 2229 1460 pravitate,

496 1520 629 1563 nullis
674 1521 880 1577 ineptiis,
927 1519 1045 1563 nulla
1093 1518 1365 1576 impudentia
1405 1525 1481 1563 aut
1520 1517 1695 1563 inscitia
1731 1517 1803 1562 ,vel
1842 1520 2036 1578 corrupti
2067 1533 2226 1567 sermo·

499 1639 596 1690 nis,
630 1637 695 1683 vel
724 1650 859 1682 vanae
890 1635 1231 1694 ambitiosaeque
1258 1637 1522 1692 sententiae,
1558 1642 1709 1681 contra
1759 1635 2027 1690 imbuimur,
2072 1638 2112 1682 si
2141 1653 2227 1684 mo-

502 1757 554 1799 do
585 1756 744 1812 integri
772 1755 826 1798 ad
854 1767 1004 1798 eorum
1037 1754 1340 1798 tractationem
1369 1753 1643 1805 accedimuS,
1675 1758 1884 1811 perpetua
1916 1755 2228 1802 consuetudine

501 1875 594 1919 eius
628 1873 742 1932 quod
774 1873 923 1924 decet,
958 1870 1159 1930 quodque
1198 1878 1369 1918 rectum
1401 1878 1445 1916 et
1475 1877 1707 1917 venustum
1740 1878 1820 1917 est.

563 1994 653 2037 Hoc
685 1993 937 2037 institutum
967 1992 1002 2035 si
1037 1991 1497 2049 tenemus‚<aspirare
1535 1988 1683 2035 licebit
1721 1989 1776 2034 ad
1816 1989 1939 2035 illum
1977 1991 2232 2049 multiplicis

504 2127 553 2155 ac
571 2112 768 2155 diuturni
789 2126 893 2155 usus
910 2111 1128 2162 fructum,
1161 2124 1247 2167 quo
1265 2111 1439 2154 nomine
1466 2109 1687 2166 Longinus
1717 2111 1791 2160 τὴν
1824 2114 1902 2154 τῶν
1933 2112 2070 2163 λόγων
2102 2113 2229 2166 κρίσιν

502 2228 746 2288 appellavit.
813 2228 983 2273 Etenim
1019 2228 1079 2271 ita
1114 2226 1289 2272 demum
1321 2227 1448 2270 homo
1492 2225 1597 2282 quid
1645 2226 1817 2271 homine
1858 2227 1988 2271 distet
2028 2241 2231 2284 agnosce-

505 2361 629 2395 mus.
667 2360 802 2405 quum
839 2359 999 2405 paucos
1033 2345 1127 2389 illos
1160 2347 1223 2391 sic
1256 2347 1298 2390 in
1331 2345 1539 2389 orationis
1588 2343 1793 2390 facultate
1825 2344 2109 2391 elaboravisse
2140 2348 2229 2391 ani-

503 2465 900 2516 madverterimus,
950 2471 997 2508 ut
1040 2479 1168 2521 quan]
1220 2463 1404 2522 singulis
1451 2470 1608 2507 natura
1660 2465 1751 2520 ipsa
1799 2465 1961 2521 ingenii
2007 2471 2229 2524 tamquam

504 2598 731 2642 personam
761 2584 995 2636 tribuerit,
1041 2585 1134 2628 eius
1178 2583 1412 2642 perfectam
1447 2582 1630 2627 sormam
1672 2595 1721 2626 ac
1757 2583 1944 2642 speciem
1976 2583 2230 2639 effecerint,

506 2719 529 2748 a
573 2704 753 2763 reliquis
796 2703 997 2749 omnibus
1041 2704 1282 2749 certissima
1324 2709 1423 2750 nota
1455 2703 1697 2755 diversam,
1747 2702 1853 2749 alios
1894 2704 1958 2749 sic
2001 2704 2044 2748 in
2083 2703 2231 2750 eodem

508 2837 664 2880 genere
697 2823 919 2875 laborare,
953 2830 1002 2868 ut
1038 2837 1168 2881 prava
1197 2823 1453 2881 plerumque
1483 2829 1740 2881 sequentes,
1775 2836 1855 2868 nec
1885 2823 2122 2882 quidquam
2162 2837 2233 2867 na·

507 2946 646 2987 tivum
682 2943 807 2988 domo
836 2943 1093 2996 afferenteS,
1128 2958 1180 2989 ne
1209 2943 1389 2990 induere
1422 2942 1597 3002 quidem
1632 2943 1762 2989 ullam
1805 2956 2030 3002 personam
2065 2942 2235 2989 videan-
