2767 3789
1306 428 1331 468 5
2103 448 2123 463 .

426 545 440 557 .
464 578 584 628 tuor
593 577 832 630 dixissent,
874 584 994 625 ante
1015 578 1316 667 Thucydidem
1354 584 1398 624 et
1438 579 1656 624 Platonem
1678 586 1737 626 et
1776 581 2011 629 Isocratem
2052 582 2174 627 vehe-

462 702 632 743 menter
674 666 846 744 dubito
862 677 1139 757 quemquam
1178 697 1410 745 exstitisse
1428 697 1518 759 qui
1563 711 1642 743 suo
1687 698 1878 757 exemplo
1924 700 2171 747 ostenderet

460 828 590 875 quam
622 815 822 865 flexibilis
857 816 958 876 ipsc
981 828 1130 876 purus
1157 816 1331 887 Atticus
1365 828 1507 862 sermo
1550 798 1663 861 esset
1683 816 1973 887 ¹¹⁴'quibusque‘
2005 821 2169 881 regulis

460 940 503 979 et
540 935 838 994 grammaticis
868 940 917 979 'et
947 932 1212 994 syntactici‘s.
1249 937 1287 979 si
1332 935 1702 991 adstringeretur,
1748 935 1793 978 in
1825 949 1957 994 quam
2001 941 2165 982 variam

458 1054 665 1098 orationis
696 1053 893 1112 copiosae
937 1059 982 1097 et
1019 1050 1106 1096 late
1149 1051 1326 1120 fluentis
1365 1051 1557 1111 speciem.
1587 1051 1692 1109 fingi
1731 1059 1775 1097 et
1813 1053 1970 1099 deduci
2010 1063 2166 1112 posset.

456 1172 598 1230 Igitur
623 1170 820 1217 eamdem
853 1148 1051 1216 normam
1088 1176 1318 1216 servarunt
1347 1170 1423 1229 qui
1454 1170 1593 1216 secuti
1633 1175 1767 1227 sunt,
1796 1184 1933 1230 quum
1965 1186 2067 1222 suas
2101 1176 2167 1220 vel

455 1290 646 1337 actiones
676 1290 743 1336 vel
789 1290 1106 1349 disputationes
1131 1290 1293 1349 scripto
1321 1290 1653 1348 consignarent,
1686 1295 1730 1334 et
1767 1291 1907 1349 viguit
1931 1291 2038 1338 haec
2070 1293 2164 1338 dili-

451 1411 598 1468 gentia
624 1422 732 1469 pure
762 1409 973 1468 planeque
1003 1408 1206 1470 loquendi
1236 1421 1313 1467 per
1343 1376 1504 1452 multos
1536 1420 1669 1452 annos
1689 1441 1701 1461 ‚
1750 1409 1884 1453 donec
1925 1417 2019 1468 post
2064 1412 2160 1455 Ari-

453 1527 620 1572 stotelis
665 1526 755 1571 fere
785 1530 970 1583 aetatem
987 1558 1000 1576 ,
1037 1505 1188 1570 nescio.
1214 1538 1300 1583 quo
1336 1524 1510 1569 fastidio
1526 1559 1538 1577 ‚
1584 1531 1662 1569 aut
1693 1539 1779 1583 qua
1817 1527 2009 1572 socordia
2040 1536 2083 1573 et
2114 1530 2161 1573 li·

453 1646 597 1689 centia
627 1644 836 1703 paulatim
867 1648 1235 1702 corrumperetur.

509 1763 669 1807 Romae
700 1761 777 1805 diu
808 1760 890 1805 fuit
922 1774 1057 1819 quum
1087 1759 1205 1825 nulla
1244 1759 1441 1804 subtilior
1473 1761 1661 1817 cognitio
1703 1767 1747 1806 et
1781 1763 1894 1807 ratio
1933 1763 2160 1808 literarum

449 1882 496 1925 in
523 1880 678 1940 puerili
704 1886 780 1925 aut
809 1878 987 1924 iuvenili
1012 1878 1241 1937 disciplina
1272 1878 1531 1924 traderetur.
1596 1878 1679 1933 Qui
1709 1881 1972 1935 scriberent,
2008 1889 2158 1941 poetae

450 2005 599 2052 erant,
634 2004 677 2043 et
708 1999 835 2057 pauci
866 2010 1013 2042 rerum
1044 2003 1088 2042 et
1126 1997 1347 2041 annalium
1380 2003 1422 2041 et
1454 2000 1861 2044 commentariorum
1894 2003 2153 2060 scriptores,

452 2124 640 2162 oratores
660 2150 671 2170 ,
705 2119 742 2161 si
772 2123 961 2160 veterem
993 2116 1195 2159 Catonem
1238 2116 1476 2173 excipimus
1497 2149 1508 2167 ,
1542 2130 1619 2173 pro
1653 2117 1817 2174 ingenti
1862 2133 2043 2164 numero
2079 2129 2153 2164 aut

448 2235 579 2289 nulli,
612 2241 688 2280 aut
726 2233 963 2295 perpauci,
1003 2232 1140 2291 deque
1180 2232 1248 2276 his
1280 2232 1466 2277 valuisse
1505 2233 1658 2287 credo,
1693 2235 1804 2292 quod
1833 2236 1884 2281 de
1926 2238 2151 2282 Hortensio

446 2356 553 2400 dicit
583 2356 729 2401 Cicero
750 2389 760 2409 ,
796 2354 949 2399 melius
981 2366 1080 2397 eum
1122 2351 1311 2403 dixisse,
1346 2365 1475 2421 quam
1516 2354 1739 2412 scripsisse
1760 2356 1809 2415 4).
1877 2357 1987 2411 Quid
2017 2359 2151 2416 igitur

445 2474 511 2518 his
553 2474 716 2519 defuit?
783 2472 860 2524 Id,
903 2471 1016 2528 quod
1059 2470 1393 2531 prudentissime
1436 2470 1620 2529 explicat
1654 2472 1828 2526 Cicero,
1871 2490 2005 2532 quum
2045 2476 2148 2521 dicit

445 2606 515 2636 eos
558 2606 642 2651 non
682 2592 896 2636 laborasse
942 2595 992 2633 ut
1030 2588 1227 2632 meliores
1268 2588 1441 2640 fierent,
1475 2590 1529 2633 ad
1568 2604 1697 2648 quam
1730 2606 1821 2637 rem
1862 2594 1970 2638 nihil
2012 2599 2154 2653 magis

446 2711 650 2769 proficere
696 2723 826 2768 quam
869 2708 1147 2766 scriptionem
1162 2706 1216 2764 ⁵).
1295 2706 1412 2760 Quae
1451 2709 1791 2763 commendatio,
1839 2726 1926 2770 qua
1970 2713 2154 2758 libenter

492 2978 522 3031 ⁴³)
551 2986 677 3019 Orator.
705 2982 724 3026 ᾗ
755 2983 841 3016 132.
1091 2974 1122 3028 5)
1150 2983 1246 3016 Brut.
1277 2976 1295 3022 ᾗ
1327 2982 1387 3015 92,

2229 964 2244 984 Δ
