2767 3789
1214 402 1270 443 47

905 508 924 530 0

386 562 430 597 et
456 552 650 596 stolidum
690 554 789 597 mihi
815 554 927 597 istud
954 567 1043 597 esse
1069 553 1259 601 videtur,
1296 561 1339 595 ct
1379 553 1618 595 adversatur
1652 561 1871 608 perpetuae
1903 554 2110 596 Ciceronis

388 665 685 708 consuetudini.
738 667 867 710 Ecce!
894 665 999 707 infra
1025 664 1059 718 S
1080 665 1145 705 66.
1172 665 1215 705 in
1238 664 1299 705 his
1326 669 1450 705 trum
1475 666 1662 717 quaedam
1687 671 1724 706 ct
1749 668 1871 719 fluens
1897 667 2109 720 expetitur,

393 790 468 819 non
494 778 587 820 haec
611 782 782 819 contorta
807 781 844 817 ct
868 776 972 818 avr-ia
996 775 1129 818 oratio.
1183 775 1295 817 Conf.
1321 774 1434 816 Brut.
1469 774 1503 829 5
1528 776 1607 816 274
1622 807 1632 824 ,
1668 777 1868 831 multique
1909 778 1975 817 alii
2004 779 2107 825 loci,
2148 819 2165 835 Ο

390 903 414 928 e
436 890 583 942 quibus
605 886 903 930 conficiendum
924 888 1043 938 flucre
1068 887 1276 927 orationem
1299 887 1343 928 in
1364 886 1486 927 laude
1508 888 1614 939 poni.
1670 887 1801 940 Igitur
1835 890 1875 929 h.
1899 891 1925 929 l.
1943 920 1952 937 ,
1980 902 2106 940 quum

390 1012 597 1053 perperam
623 998 873 1041 adhaesisset
898 997 1105 1052 participio
1136 998 1279 1051 copula
1293 1028 1304 1044 ,
1340 997 1471 1051 legam
1508 1003 1543 1037 ct
1568 998 1690 1050 fluens
1703 1030 1712 1044 ,
1756 999 1865 1049 quod
1904 991 2107 1051 aliquanto

390 1112 662 1153 confidentius
688 1109 969 1151 comendare
1010 1109 1218 1163 oportebat
1255 1109 1461 1150 Orellium.
1515 1109 1634 1157 Quod
1661 1110 1703 1150 in
1732 1111 1833 1151 vitio
1860 1110 2110 1163 ponebatur,

390 1222 603 1264 dicebatur
637 1221 843 1275 diffluere,
872 1223 977 1263 sicut
1004 1223 1107 1263 infra
1143 1222 1177 1277 S
1197 1223 1295 1269 255,
1333 1222 1526 1275 efficiatur
1557 1228 1688 1276 aptum
1712 1222 1837 1268 illud,
1866 1224 1965 1274 quod
1991 1223 2110 1273 fuerit

392 1339 506 1375 antea
544 1334 727 1386 diffluens
761 1347 807 1375 ac
841 1336 1013 1376 solutum.
1078 1335 1225 1377 Contra
1265 1334 1299 1389 S
1324 1335 1414 1375 220.
1457 1335 1740 1389 corrigendum
1780 1334 1859 1375 erit
1898 1334 2107 1386 diffluens,

395 1447 463 1487 ubi
489 1458 598 1486 nunc
625 1446 761 1487 editur
775 1477 785 1494 ‚
812 1445 976 1486 altemm
1010 1446 1087 1486 nisi
1111 1448 1178 1500 fit,
1214 1447 1401 1499 dissipata
1427 1451 1462 1485 et
1487 1446 1635 1486 inculta
1662 1452 1696 1485 ct
1723 1447 1844 1497 fluens
1869 1452 1922 1485 est
1959 1448 2079 1485 oratio
2095 1460 2108 1484 :

393 1559 491 1598 item
533 1559 574 1597 in
611 1558 669 1598 Dc
695 1556 804 1598 Orat.
826 1557 893 1598 111.
927 1556 960 1610 ᾖ
981 1559 1083 1597 19οε
1125 1557 1367 1610 efficiendum
1407 1561 1462 1596 eat
1494 1557 1594 1597 illud
1619 1556 1729 1596 modo
1768 1556 1900 1601 nobis,
1941 1571 1988 1596 nc
2016 1558 2110 1606 fluat

392 1669 513 1710 oratio
527 1701 537 1718 ,
565 1681 612 1709 ne
637 1673 794 1721 vaqetur
807 1683 821 1708 .·
848 1695 901 1702 —
927 1668 1010 1709 imo
1037 1681 1086 1709 ne
1109 1669 1278 1721 diffluat.

444 1781 477 1834 ᾗ
503 1782 568 1821 44.
621 1779 794 1819 Invenire
828 1784 864 1819 et
897 1778 1070 1821 iudicare
1095 1802 1148 1809 --
1174 1779 1333 1832 propria
1368 1779 1491 1830 maqis
1519 1779 1747 1831 prudentiae
1787 1791 1902 1831 quam
1941 1780 2112 1830 eloquen-

392 1893 489 1933 tiae:
517 1904 592 1943 qua
617 1896 743 1932 tamen
767 1890 809 1930 in
834 1903 949 1932 causa
974 1896 1030 1931 est
1053 1903 1171 1931 vacua
1191 1891 1408 1943 pmdentia.
1463 1889 1509 1930 In
1537 1890 1600 1930 his
1627 1890 1860 1942 postremis,
1892 1903 1994 1942 quac
2021 1892 2109 1930 nul·

373 2005 469 2041 *lam
498 2014 633 2041 sanam
670 2001 850 2042 efficiunt
876 2003 1117 2043 sententiam
1134 2034 1143 2048 ,
1173 2002 1274 2043 nihil
1311 2002 1505 2042 adiuvant
1533 2002 1645 2048 libri,
1673 2002 1888 2043 manifesto
1915 2004 2108 2055 corrupti.

391 2114 432 2153 Si
460 2114 551 2165 quis
587 2113 804 2165 legendum
840 2114 1047 2163 coniiciat,
1074 2126 1170 2165 quae
1197 2120 1322 2154 tamen
1348 2126 1458 2154 cassa
1484 2120 1538 2153 est
1563 2125 1682 2153 vacua
1705 2114 1937 2165 prudentia.
1968 2115 2112 2155 lubens

386 2224 592 2263 assentiar.

445 2334 544 2375 Ibid.
600 2333 753 2373 Noverit
777 2333 896 2386 iyitur
922 2336 983 2375 hic
1022 2336 1172 2389 quidem
1198 2340 1327 2376 orator
1342 2367 1352 2385 ‚
1380 2347 1488 2387 quem
1515 2348 1698 2375 summum
1724 2349 1801 2376 esse
1828 2337 2016 2381 volumus,
2046 2348 2111 2375 ar·

391 2451 652 2497 yumenwrum
690 2450 725 2484 et
757 2446 949 2486 rationum
983 2447 1091 2487 locos.
1147 2448 1303 2495 Quare,
1342 2454 1479 2487 contra
1507 2447 1630 2487 libros
1658 2460 1820 2492 omnes,
1863 2448 1981 2487 verba
2010 2459 2109 2487 sum-

393 2538 501 2598 mum·
530 2568 609 2597 csse
643 2556 837 2598 eiicienda
865 2570 1084 2607 censeam,
1121 2558 1403 2613 explicandum
1439 2565 1513 2599 est.
1568 2557 1697 2600 Sicuti
1733 2572 1840 2600 nunc
1878 2558 1941 2599 edi
1981 2560 2107 2604 solet,

393 2671 469 2710 hoc
506 2670 605 2710 dicit
641 2669 804 2716 Cicero,
846 2666 1035 2724 »postulo
1076 2679 1123 2712 ut
1154 2672 1221 2712 hic
1249 2679 1384 2712 orator
1426 2672 1479 2712 sit
1516 2673 1733 2712 summus.”
1789 2672 1878 2716 Sic,
1921 2674 1961 2710 in
2000 2684 2111 2723 prae-

392 2782 599 2836 cipiendo,
629 2782 761 2824 utitur
787 2783 911 2825 verbo
936 2785 1032 2826 velle
1069 2784 1102 2839 S
1124 2786 1187 2826 20.
1216 2785 1281 2825 22.
1311 2785 1399 2826 114.
1427 2784 1517 2825 119.
1548 2786 1637 2826 120.
1665 2785 1755 2825 192.
1798 2791 1841 2824 et
1878 2784 1968 2825 aliis
1994 2785 2112 2824 innu-

391 2895 650 2937 merabilibus
678 2895 787 2935 locis.
841 2896 956 2938 Nunc
984 2905 1121 2937 autem
1160 2897 1260 2937 hunc
1286 2901 1474 2937 oratorem
1502 2899 1631 2949 ipsum
1669 2909 1855 2937 summum
1896 2898 2111 2949 intelligit,
