2767 3789
1316 425 1372 465 22

476 578 736 636 prudentius
763 576 985 627 iudicent,
1026 577 1102 633 qui
1136 576 1218 633 ipsi
1252 577 1367 621 vires
1397 577 1560 634 ingenii
1595 577 1640 621 in
1674 576 1746 622 illa
1782 584 2058 629 contentione
2097 587 2204 645 peri·

475 698 695 741 clitentur.

536 815 652 860 Haec
668 814 879 860 habebam
912 814 1071 872 quibus
1097 814 1449 859 commendarem
1482 815 1864 877 diligentissimum
1897 819 2093 864 studium
2110 824 2206 867 eius

472 935 707 988 orationis,
740 935 910 992 qualem
944 947 1081 993 quum
1123 935 1167 978 in
1198 934 1295 979 aliis
1327 935 1477 993 paucis
1507 935 1686 980 Graecis
1727 936 1976 995 Latinisque
2015 922 2202 997 ’scripto-

475 1053 598 1099 ribus
631 1055 927 1114 suspicimus,
959 1058 1054 1098 tum
1088 1054 1134 1098 in
1165 1053 1373 1099 Cicerone
1405 1053 1690 1099 admiramur.
1757 1055 1840 1100 Sed
1872 1056 1985 1102 banc
2027 1056 2205 1115 diligen-

473 1175 582 1218 tiam
626 1176 671 1218 in
712 1173 786 1217 illo
828 1174 972 1218 studio
1013 1172 1208 1217 adhiberi
1252 1187 1434 1226 censeo,
1482 1187 1592 1236 quae
1634 1174 1833 1218 excludat
1871 1188 2042 1220 omnem
2080 1177 2201 1234 quasi

470 1292 847 1350 superstitionem,
881 1290 1021 1348 neque
1054 1293 1266 1336 rationem
1298 1291 1558 1336 occumbere
1589 1294 1704 1337 sinat
1735 1256 2025 1338 auctoritati..
2065 1296 2202 1353 Caput

470 1418 536 1456 est
570 1414 614 1455 in
646 1411 765 1454 omni
797 1411 1015 1461 oratione,
1056 1412 1250 1455 invenire
1281 1410 1387 1469 quid
1425 1410 1601 1455 deceat:
1637 1412 1763 1456 cuius
1795 1413 1972 1457 virtutis
1999 1416 2198 1470 quamvis

473 1531 823 1588 praeclarissima
856 1532 901 1573 in
939 1537 1136 1574 veterum
1179 1531 1355 1586 scriptis
1383 1536 1425 1573 et
1457 1530 1651 1586 exempla
1679 1536 1723 1573 et
1763 1536 1990 1588 praecepta
2025 1545 2200 1589 usurpe-

475 1663 602 1700 mus,
650 1650 744 1692 eius
789 1654 933 1703 tamen
969 1647 1153 1692 sormam
1193 1647 1425 1704 quamdam
1464 1648 1609 1690 animo
1651 1648 2005 1705 comprehensam
2039 1651 2200 1695 intueri

472 1783 548 1812 nos
580 1767 819 1826 oportebit,
853 1767 907 1810 ad
951 1781 1081 1824 quam
1116 1768 1208 1824 ipsa
1242 1766 1314 1809 illa
1346 1766 1542 1823 exempla
1581 1766 1819 1822 exigamus.
1886 1768 1973 1811 Hoc
2007 1770 2080 1825 qui
2115 1783 2197 1812 non

468 1889 694 1944 sequitur,
735 1888 868 1931 etiam
900 1888 1004 1930 vitia
1038 1888 1129 1945 ipsa
1163 1884 1354 1944 stupebit
1382 1892 1424 1929 et
1457 1887 1499 1928 in
1536 1886 1773 1930 virtutibus
1819 1889 2092 1942 numerabit,
2127 1895 2196 1940 et,

468 2016 515 2053 ut
550 2022 634 2052 uno
665 2007 860 2065 exemplo
889 2006 1133 2064 defungar,
1168 2007 1276 2050 scite
1310 2012 1572 2063 venusteque
1606 2006 1761 2050 lusisse
1793 2008 2041 2051 Ciceronem
2073 2016 2192 2065 puta-

464 2128 557 2176 bit,
591 2139 726 2183 quum
760 2127 868 2169 dicit
905 2127 1142 2183 Epicurum
1192 2125 1320 2167 »duni
1362 2125 1501 2182 palato
1523 2159 1532 2175 ‚
1578 2125 1682 2181 quid
1716 2126 1772 2168 sit
1805 2128 2048 2183 optimum,
2085 2127 2193 2170 iudi-

464 2252 587 2296 met,
620 2245 729 2289 coeli
761 2243 953 2301 palatum
989 2258 1073 2287 non
1106 2243 1394 2300 suspexisse.”
1431 2242 1541 2300 (Nat.
1578 2242 1699 2285 Deor.
1729 2242 1784 2285 ΙΙ,
1817 2248 1840 2299 §
1867 2244 1957 2301 49).

527 2363 633 2415 Sed,
672 2362 1024 2420 quandoquidem
1058 2376 1107 2405 eo
1154 2375 1230 2405 nos
1275 2360 1470 2418 perducit
1504 2362 1594 2418 ipsa
1628 2361 1796 2411 orati0‚
1833 2361 2029 2406 dicamus
2060 2364 2190 2407 etiam
2234 2369 2237 2372 '

461 2483 625 2540 aliquid
666 2483 720 2526 de
766 2481 987 2526 iudicandi
1028 2481 1225 2525 libertate
1266 2482 1309 2523 in
1349 2480 1617 2538 corrigendis
1659 2486 1852 2524 veterum
1897 2482 2190 2526 monumentis

458 2601 698 2646 servanda:
734 2614 957 2660 quumque
983 2602 1199 2646 Ciceronis
1232 2615 1362 2644 causa
1396 2600 1500 2645 haec
1534 2606 1681 2643 nostra
1720 2599 1955 2658 disputatio
1987 2610 2185 2660 suscepta

457 2722 542 2773 sit,
590 2720 820 2766 continebo
860 2734 930 2766 me
974 2720 1041 2764 bis
1089 2719 1271 2770 finibus,
1319 2733 1581 2777 quamquam
1627 2719 1739 2763 haud
1788 2719 1923 2762 multo
1958 2719 2186 2764 dissimilia

457 2840 545 2884 dici
574 2804 856 2900 poterant'de
888 2841 1105 2900 plerisque
1128 2840 1223 2885 aliis
1254 2838 1566 2897 scriptoribus,
1594 2840 1630 2883 si
1664 2838 1793 2884 latius
1826 2840 1973 2897 vagari
2004 2838 2185 2885 luberet.

453 2961 567 3014 Quid
611 2967 752 3011 esset,
798 2962 841 3003 in
885 2973 969 3017 quo
1001 2974 1024 3003 a
1060 2961 1299 3017 Madvigio‚
1352 2972 1435 3003 uno
1476 2962 1700 3011 omnium,
1744 2960 1818 3015 qui
1866 2965 2013 3004 nostra
2046 2964 2187 3004 aetate
