2767 3789
473 571 617 618 nsum‘.
681 572 812 618 Nobis
851 551 1088 633 spectanda'¹
1116 578 1183 618 est
1212 586 1263 618 ea
1294 572 1432 618 oratio
1451 571 1477 625 ,·
1503 572 1675 631 quain
1708 573 1825 619 vitae
1853 576 2034 622 actione.
2048 581 2094 636 et
2117 588 2194 623 ,ne-

471 684 602 751 gotiis
618 688 832 738 'homines
857 696 1059 738 utuntur.
1123 691 1245 738 Hanc
1271 704 1487 752 nusquam
1518 690 1736 737 excultam
1762 695 1808 736 et
1837 672 2083 750 fier-fectum
2099 707 2194 740 esse

469 810 801 863 contendimus,
843 811 933 856 nisi
982 810 1056 857 ubi
1105 812 1333 871 cognitum
1374 815 1489 857 esset
1533 815 1746 870 quantum
1779 814 2020 870 praestaret
2050 818 2192 881 certas

467 945 641 975 servare
657 930 869 975 sermonis
894 929 1034 987 leges,
1064 935 1160 973 tum
1189 931 1233 972 in
1267 929 1452 987 singulis
1482 929 1626 974 verbis
1653 942 1889 988 eorumque
1906 928 2163 976 flexionibus
2178 966 2192 983 ,

468 1054 562 1092 tum
596 1043 642 1092 in
675 1062 726 1093 ea
762 1046 996 1092 verborum
1029 1048 1335 1092 coniunctione
1365 1060 1451 1104 qua
1478 1047 1639 1092 mentis
1671 1048 1862 1104 cogitata
1890 1011 2189 1105 essent'lexpo·

466 1166 622 1212 nenda.
688 1166 771 1212 Sed
810 1166 890 1211 hoc
926 1166 1067 1224 ipsum
1102 1166 1296 1211 studium
1336 1166 1390 1211 ab
1421 1167 1476 1228 iis
1503 1165 1679 1211 demum
1710 1167 1891 1211 excitari
1928 1171 1972 1211 et
2010 1167 2187 1212 retineri

465 1286 637 1343 potuit,
669 1286 745 1343 qui
774 1283 1003 1330 scribendo
1033 1284 1127 1329 eius
1164 1285 1231 1330 vel
1262 1284 1463 1337 artificii,
1496 1283 1563 1328 vel
1594 1282 1815 1329 facultatis
1847 1285 2090 1343 periculum
2128 1285 2187 1330 la-

464 1409 612 1448 cerent
632 1438 644 1457 ,
679 1404 826 1463 itaque
856 1408 1139 1447 monumenta
1168 1403 1403 1447 conderent
1437 1403 1532 1447 eius
1566 1403 1754 1462 ingenii,
1796 1401 1913 1461 quod
1943 1403 1989 1446 in
2026 1405 2183 1447 oratio-

465 1536 519 1566 ne
551 1522 692 1567 soluta
720 1520 925 1579 quidem,
958 1520 1032 1566 sed
1064 1526 1159 1565 arte
1194 1526 1237 1565 et
1268 1534 1367 1566 cum
1400 1521 1569 1566 delectu
1599 1519 1740 1573 sacta,
1773 1522 1982 1570 cernitur.
2025 1521 2185 1582 ,Jgitur

462 1641 645 1684 Athenis
673 1640 942 1685 admirabilis
977 1640 1049 1683 illa
1085 1639 1311 1697 diligentia
1342 1602 1528 1685 Graecae
1566 1640 1740 1697 linguae
1770 1641 1883 1685 serio
1920 1639 2004 1685 coli
2035 1645 2187 1698 coepta

463 1765 528 1802 est
558 1771 643 1801 non
667 1763 790 1809 ante,
823 1770 954 1815 quam
979 1757 1204 1801 rhetorum
1232 1757 1427 1807 scholae,
1464 1762 1506 1800 et
1526 1770 1625 1801 mox
1651 1756 2028 1815 philosophorum,
2063 1757 2182 1801 illam

463 1876 703 1922 disserendi
731 1881 774 1920 et
807 1875 1032 1934 eloquendi
1064 1876 1416 1921 exercitationem
1450 1877 1771 1926 instituissent,
1817 1877 1963 1934 itaque
2003 1876 2182 1940 prodiis-

462 2001 559 2040 sent
602 1995 700 2039 illae
744 1995 929 2048 literae,
981 1995 1139 2053 quibus
1169 1994 1468 2057 ostenderetur
1512 2008 1643 2053 quam
1691 1995 1933 2038 incredibili
1981 1997 2179 2040 varietati

462 2121 589 2171 aptus
625 2120 737 2158 esset
769 2128 911 2157 sermo
943 2116 1210 2165 communis,
1245 2127 1461 2171 quamque
1493 2113 1601 2157 nihil
1639 2113 1731 2158 sere
1764 2115 1916 2167 sentiri
1957 2120 2034 2158 aut
2069 2116 2181 2171 cogi-

460 2232 545 2276 tari
579 2237 748 2290 posset,
799 2230 912 2288 quod
947 2244 1030 2275 non
1063 2231 1202 2276 verbis
1232 2233 1352 2289 puris
1390 2237 1433 2276 et
1470 2233 1635 2276 ratione
1675 2232 1835 2276 iunctis
1868 2237 1911 2275 et
1942 2232 2055 2276 iusta
2086 2245 2178 2276 sen·

460 2353 622 2396 tentiae
655 2351 994 2417 conformatione
1034 2350 1299 2396 redderetur.
1366 2353 1547 2396 Fuerint
1579 2365 1683 2396 sane
1713 2357 1812 2395 ante
1841 2353 1949 2401 iam,
1994 2365 2179 2408 quorum

459 2472 621 2528 scripta
648 2462 852 2527 usurpari
878 2477 1080 2526 possent,
1116 2483 1254 2527 neque
1284 2472 1433 2528 negari
1463 2477 1600 2528 potest
1635 2477 1726 2514 tum
1766 2485 1790 2514 a
1823 2470 2040 2515 veteribus
2082 2485 2176 2528 poe-

459 2591 544 2640 tis,
579 2595 673 2633 tum
712 2602 736 2632 a
765 2588 1075 2633 consuetudine
1115 2589 1356 2646 quotidiani
1398 2591 1609 2635 sermonis
1649 2590 1764 2633 sumi
1808 2588 2005 2634 debuisse
2045 2595 2177 2632 mate·

457 2710 567 2751 riam
587 2741 596 2758 ,
629 2713 676 2749 ut
713 2709 772 2750 ita
808 2707 949 2750 dicam
970 2740 980 2756 ,
1015 2706 1213 2764 linguae:
1255 2708 1328 2751 sed
1360 2721 1494 2766 quum
1525 2708 1674 2766 prius,
1710 2710 1784 2766 qui
1815 2708 1954 2752 soluta
1983 2708 2176 2753 oratione

457 2825 588 2868 libros
632 2824 831 2875 ederent,
873 2839 1069 2869 sermone
1104 2830 1332 2870 uterentur
1364 2831 1489 2870 curto
1520 2832 1561 2870 et
1594 2826 1767 2877 ieiuno,
1799 2832 1842 2870 et
1875 2826 2078 2884 pleraque
2114 2827 2175 2868 in-

457 2946 582 2988 cisim
623 2945 939 2997 enunciarent‚
983 2951 1029 2988 ut
1062 2946 1254 2990 contenti
1283 2951 1427 2988 essent
1468 2946 1503 2987 si
1545 2945 1670 2989 modo
1703 2946 1768 2989 bis
1801 2946 1900 2989 hina
1941 2957 2034 2988 esse
2070 2958 2176 3002 qua-
