2767 3789
1343 448 1402 492 20

514 614 645 660 quam
662 602 723 646 ita
746 600 942 647 tuebitur
970 602 1030 654 is,
1064 602 1139 660 qui
1167 601 1356 654 scribet,
1389 579 1426 645 si
1443 601 1634 659 cogitata
1651 600 1806 646 vestiet
1835 603 2030 650 oratione
2053 604 2242 664 eleganti

514 728 556 764 et
590 721 768 774 decora,
801 703 903 781 apta
936 720 1122 780 denique
1153 721 1208 765 ad
1241 722 1536 781 propositum,
1569 723 1606 765 si
1633 720 1766 772 ,modo
1796 720 2037 767 decreverit
2069 737 2242 784 operam

512 838 646 891 dare,
680 853 766 884 non
800 845 852 884 ut
885 838 1069 884 rudibus
1101 845 1144 883 et
1183 840 1428 899 imperitis,
1466 838 1542 884 sed
1574 846 1624 884 ut
1656 838 1841 885 eruditis
1878 845 1921 883 et
1964 828 2244 900 intelligenti-

512 957 594 1002 bus
622 970 701 1002 sua
732 957 896 1016 probet.
961 957 1144 1002 Frustra
1173 971 1276 1003 sane
1307 957 1389 1003 hoc
1416 958 1687 1004 curriculum
1715 958 1986 1017 ingredietur
2017 958 2078 1009 is,
2111 971 2241 1015 quem

515 1076 778 1134 praestantis
826 1077 892 1120 vis
934 1077 1097 1134 ingenii
1148 1076 1347 1128 deficiet,
1395 1077 1469 1123 sed
1512 1076 1867 1122 exercitationem
1914 1089 2000 1122 una
2046 1075 2241 1121 omnium

518 1196 707 1238 maxime
736 1207 810 1237 ars
842 1194 1078 1238 adiuvabit.

573 1312 664 1356 Non
699 1310 899 1369 equidem
938 1311 1151 1356 contendo
1197 1312 1328 1357 huius
1368 1316 1475 1358 artis
1507 1321 1735 1373 praecepta
1767 1328 1820 1358 ex
1851 1316 1983 1358 unius
2022 1316 2241 1360 Ciceronis

512 1432 688 1489 scriptis
731 1431 962 1476 rhetoricis
994 1413 1290 1487 cognoscenda
1310 1467 1321 1482 ‚
1357 1439 1433 1477 aut
1465 1432 1705 1490 colligenda
1735 1445 1831 1477 esse
1862 1446 1886 1476 e
1923 1431 2123 1490 diligenti
2152 1440 2241 1477 stu-

514 1550 585 1595 dio
630 1549 902 1606 reliquorum
945 1548 1215 1594 voluminum
1265 1549 1592 1602 Tullianorunr,
1641 1564 1721 1596 nec
1762 1549 1912 1595 dubito
1956 1550 2062 1607 quin
2102 1549 2154 1595 de
2193 1564 2242 1595 ea

516 1669 643 1711 multi
679 1674 773 1725 post
815 1680 914 1709 eum
938 1699 948 1717 ‚
990 1672 1032 1709 et
1065 1673 1213 1711 nostra
1245 1673 1385 1711 aetate
1417 1668 1637 1725 praeclare
1679 1669 1947 1712 meruerint:
1999 1668 2078 1711 hoc
2121 1667 2244 1716 dico,

517 1789 588 1844 qui
634 1788 677 1829 in
712 1786 797 1829 illis
830 1785 1218 1842 praestantissimis
1260 1786 1509 1830 excellentis
1549 1787 1711 1843 ingenii
1755 1788 2049 1830 monumentis
2092 1799 2244 1842 cogno-

516 1904 687 1950 scendis
727 1903 1153 1962 interpretandisque·
1185 1903 1377 1949 studiose
1416 1910 1640 1957 versetur,
1685 1918 1769 1949 non
1803 1906 1848 1949 in
1882 1904 1980 1956 illo,
2015 1909 2246 1962 quantum-

519 2027 581 2068 vis
625 2025 891 2074 necessario,
937 2022 1076 2066 officio
1121 2024 1321 2067 insistere
1367 2030 1590 2081 oportere,
1636 2024 1710 2068 sed
1757 2024 1986 2067 observare
2026 2036 2110 2080 qua
2154 2028 2247 2065 arte

522 2145 737 2188 celebrata
780 2143 851 2186 illa
888 2142 982 2185 laus
1020 2144 1226 2186 orationis
1267 2144 1565 2194 contineatur,
1615 2155 1875 2200 operamque
1919 2141 2021 2186 dare
2065 2147 2113 2185 ut
2154 2142 2247 2185 eius

522 2277 647 2307 usum
680 2264 721 2305 in
748 2274 875 2304 suum
907 2274 1149 2304 sermonem
1185 2262 1443 2311 transferat,
1479 2263 1514 2303 si
1548 2261 1601 2303 ad
1634 2261 1821 2305 similem
1856 2260 2025 2303 laudem
2060 2261 2250 2317 aspirare

523 2383 684 2440 cupiat.
760 2380 865 2424 Esse
907 2380 1004 2422 novi
1045 2381 1118 2437 qui
1163 2380 1242 2423 hoc
1292 2386 1599 2432 contemnant,
1650 2393 1733 2423 non
1783 2379 1844 2422 illi
1886 2378 2059 2437 quidem
2110 2378 2250 2436 ignari

523 2508 711 2558 quantae
750 2499 921 2542 dicendi
962 2500 1146 2542 virtutes
1187 2500 1228 2541 in
1275 2501 1649 2555 praestantissimo
1693 2513 1863 2556 quoque
1906 2504 2101 2541 veterum
2149 2498 2250 2540 scri-

526 2627 698 2678 ptorum
734 2617 1055 2675 cognoscendae
1087 2618 1207 2661 nobis
1239 2619 1559 2675 intuendaeque
1602 2619 1713 2669 sint,
1757 2617 1830 2661 sed
1868 2618 1942 2675 qui
1986 2617 2139 2660 malint
2183 2630 2249 2659 ve-

524 2748 637 2783 teres
672 2737 977 2786 membranas,
1015 2737 1057 2778 in
1095 2737 1251 2793 quibus
1286 2738 1368 2780 ista
1399 2737 1451 2780 ad
1487 2751 1571 2780 non
1606 2742 1926 2793 pervenerunt,
1961 2735 2178 2791 corrigere
2210 2740 2252 2777 et

525 2859 590 2902 vel
625 2872 647 2901 a
678 2857 884 2913 temporis
925 2856 1112 2908 iniuria,
1146 2857 1209 2901 vel
1246 2871 1270 2900 a
1308 2856 1585 2900 librariorum
1620 2863 1662 2900 et
1694 2856 2081 2913 grammaticorum
2121 2852 2252 2910 negli-

525 2979 670 3036 gentia
705 2983 746 3019 et
781 2982 981 3033 stupore,
1014 2983 1090 3020 aut
1129 2977 1431 3035 intempestiva
1475 2976 1705 3021 sedulitate
1750 2975 1999 3025 vindicare,
2046 2975 2087 3017 in
2123 2985 2255 3029 eoque
