2767 3789
1377 462 1434 501 68

544 621 633 667 μων
660 615 773 654 Plato
788 645 799 662 ‚
832 625 904 653 nec
930 614 1052 654 solum
1088 614 1130 654 in
1157 614 1208 654 iis
1235 612 1492 661 sermonibus,
1520 611 1586 664 qui
1620 613 1801 665 διάλογοι
1817 611 2038 660 ¹dicuntur,
2065 636 2119 648 --
2134 615 2210 655 scd
2236 615 2278 654 in

543 725 723 778 populari
759 725 954 773 oratione,
992 738 1068 778 qua
1096 737 1175 764 mos
1203 731 1256 765 est
1294 725 1453 765 Athenis
1481 723 1638 765 landari
1661 723 1704 763 in
1730 723 1905 764 concione
1930 735 2012 772 eos,
2040 725 2105 778 qui
2132 726 2208 768 sint
2232 726 2274 770 in

543 837 699 888 'noctiis
739 837 964 889 intersectis
1001 837 1221 890 Hucusque
1260 846 1396 886 recte,
1438 835 1706 878 Menexenum
1748 836 1989 890 intelligens.
2046 836 2125 877 Sed
2169 853 2273 890 quae

544 950 798 989 adiiciuntur
822 950 945 990 fidem
969 962 1128 990 omnem
1164 959 1376 1003 superant,
1406 957 1447 990 et
1476 949 1652 1001 portenti
1681 949 1809 991 instar
1835 956 1954 990 sunt:
1989 960 2087 1001 quae
2109 950 2164 990 sic
2186 961 2274 1004 pro·

548 1061 637 1101 bata
664 1067 739 1106 est,
768 1066 811 1101 nt
839 1074 922 1103 eam
948 1062 1175 1113 quotannis,
1204 1067 1246 1101 nt
1274 1062 1367 1107 scis,
1396 1061 1464 1102 illo
1491 1060 1552 1100 dic
1578 1060 1736 1100 recitari
1768 1073 1915 1101 necesse
1947 1060 2006 1100 sit.
2061 1061 2161 1107 Quis
2198 1062 2274 1102 hoc

552 1186 744 1226 umquam
779 1173 902 1213 fando
938 1173 1126 1214 audivit?
1164 1181 1236 1214 aut
1278 1173 1370 1226 quis
1407 1173 1494 1214 fieri
1536 1173 1719 1226 potuisse
1750 1171 1920 1214 credat?
1975 1171 2128 1222 Taceo,
2166 1175 2275 1228 quod

551 1284 752 1335 quotannis
787 1284 828 1323 in
864 1285 1026 1335 proeliis
1061 1285 1296 1324 interfectos
1333 1297 1421 1324 esse
1450 1286 1596 1324 sumit:
1634 1293 1676 1323 et
1711 1284 1820 1336 quod
1855 1291 2013 1324 eertum
2049 1285 2157 1326 diem
2195 1286 2278 1338 (illo

549 1398 623 1448 die)
652 1407 733 1448 quo
762 1395 888 1434 sunus
915 1396 1026 1435 istud
1056 1396 1330 1437 celebraretur
1358 1384 1482 1449 ponit.
1538 1394 1623 1436 Nisi
1656 1394 1761 1435 sorte
1798 1394 1889 1447 quis
1917 1394 2146 1448 suspicetur
2172 1398 2278 1439 eius·

552 1507 661 1548 modi
690 1507 972 1548 recitationem
1001 1508 1042 1548 in
1068 1508 1283 1551 Academia
1313 1508 1499 1561 usurpari
1535 1507 1694 1547 solitam
1723 1506 1847 1547 fuisse
1888 1506 1940 1547 ab
1980 1520 2028 1547 eo
2069 1508 2138 1561 qui
2168 1509 2279 1552 scho-
2314 1536 2318 1541 -

553 1622 631 1660 lam
662 1619 879 1659 obtineret.
935 1619 1040 1660 Sunt
1069 1621 1145 1659 ista
1174 1620 1379 1660 reddenda
1410 1620 1637 1660 annotatori
1667 1620 1763 1659 satis
1790 1619 1974 1659 ridiculo.

610 1731 758 1784 5155.
817 1731 848 1771 Α
888 1731 1156 1783 quibusdam,
1199 1731 1359 1783 inquit,
1398 1743 1487 1771 sero
1526 1732 1604 1771 iam
1642 1730 1884 1771 emendatur
1925 1731 2170 1784 antiquitas,
2213 1738 2282 1787 qui

562 1857 633 1895 pro
661 1842 773 1882 deam
801 1847 912 1893 atque
948 1843 1143 1883 hominum
1169 1843 1284 1897 fidem
1311 1869 1364 1877 -
1392 1843 1549 1882 deornm
1576 1842 1696 1881 aiant.
1753 1841 1838 1887 Ita,
1869 1842 2004 1889 credo,
2034 1844 2104 1883 leoc
2135 1845 2197 1885 illi
2223 1860 2285 1886 ne-

559 1955 749 1994 sciebant:
780 1967 828 1992 an
859 1954 976 1994 dabat
1003 1955 1104 1994 lianc
1133 1955 1325 1994 licentiam
1353 1955 1576 1994 consuetudo
1593 1957 1612 1993 ,Ρ
1649 1954 1712 1994 Sic
1743 1961 1993 2005 postremum
2018 1956 2148 1997 edidit
2177 1958 2285 1999 Orel-

560 2068 661 2105 lius:
693 2074 832 2113 antea,
863 2066 917 2105 ita
944 2067 1065 2105 credo.
1124 2066 1204 2105 Hoc
1239 2066 1299 2105 illi
1330 2065 1579 2105 nesciebant?
1636 2066 1679 2104 In
1708 2072 1877 2115 utraque
1911 2066 2037 2105 forma
2066 2068 2283 2109 obscurum

560 2187 643 2221 cst,
686 2191 765 2227 quo
806 2178 1003 2228 pertineat
1043 2178 1107 2215 ita.
1165 2177 1243 2215 Sed
1294 2178 1432 2221 credo,
1471 2177 1538 2215 ubi
1576 2178 1745 2215 ironiam
1788 2176 1960 2221 indicat,
2004 2190 2084 2224 non
2121 2179 2283 2220 claudat

559 2296 825 2332 sententiam,
865 2287 934 2326 sed
975 2287 1255 2339 interponatur
1288 2299 1449 2327 necesse
1483 2294 1557 2326 est.
1614 2285 1768 2326 Omisso
1796 2286 1886 2332 hoc,
1918 2288 1996 2340 legi
2027 2288 2171 2335 velim,
2202 2290 2286 2331 sine

562 2400 838 2451 interrogandi
871 2399 1007 2449 signo,
1047 2400 1110 2444 id,
1142 2400 1276 2441 cresto,
1314 2399 1375 2436 itti
1404 2400 1626 2437 nesciebant.
1669 2398 1779 2436 Conf.
1809 2398 1839 2450 ᾗ
1869 2401 1957 2437 160.
2015 2401 2152 2453 Neque
2180 2403 2293 2443 enini'

563 2511 641 2555 huc
673 2510 875 2564 pertinent
908 2507 1089 2562 exempla
1120 2522 1221 2562 quae
1254 2508 1444 2551 indicavit
1476 2506 1701 2560 Madvigius
1729 2507 1777 2549 ad
1812 2506 1898 2551 Fin.
1926 2526 1959 2561 p.
1988 2512 2075 2551 754.

617 2625 648 2673 ᾗ
678 2626 767 2660 159.
831 2623 971 2666 Quibus
999 2624 1040 2660 in
1070 2624 1187 2659 verbis
1215 2634 1280 2660 eae
1305 2623 1454 2675 primae
1485 2623 1617 2660 literae
1646 2626 1754 2669 sunt,
1790 2632 1885 2672 quae
1912 2622 1951 2661 in
1980 2624 2204 2676 sapiente
2231 2630 2286 2666 at-

563 2748 630 2783 que
671 2733 845 2782 selice,
880 2733 1063 2785 producte
1103 2732 1241 2771 dicitnr
1278 2732 1375 2784 (in),
1415 2733 1455 2772 in
1492 2732 1625 2772 ceteris
1659 2731 1828 2771 omnibus
1866 2732 2034 2774 breviter.
2092 2732 2289 2782 Quoniam

564 2846 756 2895 insapiens
801 2857 879 2883 non
932 2845 1108 2887 dicitur,
1150 2845 1372 2884 secundum
1414 2856 1459 2883 ea
1504 2844 1685 2894 exempla
1734 2857 1836 2895 quae
1882 2846 2127 2897 praecedunt
2170 2851 2288 2889 corri-

563 2957 742 3008 gendum
773 2958 847 2996 crit
877 2969 972 3007 quae
1001 2956 1038 2994 in
1070 2968 1194 2994 sano.
