2767 3789
1288 395 1346 436 65

498 545 603 586 Haec
632 544 667 586 si
693 544 935 597 probantur,
973 545 1084 586 locus
1124 512 1217 594 ille,
1238 546 1372 589 cuius
1407 546 1708 599 opportunitate
1736 544 1836 591 haec
1863 544 2158 596 disputavimus

446 657 626 720 (5125),
667 658 827 699 duobus
863 657 1115 703 emblematis
1139 659 1217 699 erit
1250 657 1507 704 liberandus,
1546 660 1601 698 ita
1633 664 1678 697 ut
1715 657 1888 709 primum
1918 655 2160 697 obiiciantur

445 769 561 810 verba
593 771 657 811 sed
684 769 757 809 erit
779 767 924 820 duplam
947 789 996 799 -—-
1021 768 1257 820 eloquentia,
1285 781 1389 821 quae
1420 768 1516 808 mihi
1546 781 1670 820 quum
1696 767 1853 816 inania,
1893 777 1979 808 tum
2009 769 2154 808 stolida

441 894 525 921 esse
555 881 770 925 videntur;
813 886 900 918 tum
939 880 1151 930 omittatur
1179 879 1304 926 illud,
1333 880 1387 921 sic
1422 884 1463 920 at
1489 879 1640 919 verbum
1667 878 1816 919 nullum
1850 879 2017 919 saisinam
2043 891 2156 931 gyrare

442 997 508 1032 aut
549 990 702 1043 elegans
738 987 914 1034 eoecidah
957 1000 1060 1042 quae
1103 989 1245 1029 cadem
1286 990 1417 1030 multo
1458 991 1605 1029 metius
1653 1002 1773 1028 suum
1815 990 1948 1028 locum
1988 998 2153 1029 tuentur

440 1104 472 1156 5
500 1105 589 1144 154.
645 1101 689 1140 In
718 1099 751 1153 S
775 1101 851 1140 126
885 1106 1091 1152 praeterea
1125 1100 1408 1154 corrigendum
1440 1101 1532 1154 susa
1564 1113 1643 1142 esse
1677 1099 1834 1149 debent,
1872 1107 1913 1140 et
1951 1100 2155 1145 excellent,

442 1213 632 1264 quoniam
673 1212 724 1252 de
767 1220 939 1264 utroque
975 1212 1053 1251 dici
1091 1225 1252 1252 necesse
1284 1221 1357 1253 est.
1414 1213 1501 1253 Non
1530 1213 1773 1254 succensebo
1803 1212 1898 1252 viris
1926 1212 2079 1258 doctis,
2120 1214 2150 1252 si

443 1325 511 1375 qui
540 1324 621 1364 sint
654 1324 724 1376 qui
759 1323 861 1364 hanc
897 1322 1122 1376 suspicandi
1158 1323 1359 1365 licentiam
1397 1337 1476 1365 non
1506 1324 1712 1364 ferendam
1736 1336 1827 1363 ,csse
1857 1332 2025 1376 putent,
2055 1324 2153 1362 obii-

441 1438 627 1488 ciantque
657 1437 697 1475 in
727 1436 801 1475 hoc
830 1435 964 1474 libello
992 1447 1071 1474 non
1106 1436 1238 1475 omnia
1269 1448 1406 1475 severe
1441 1437 1482 1474 in
1511 1435 1694 1475 ordinem
1724 1448 1809 1475 esse
1836 1435 2011 1488 cogenda
2030 1467 2038 1483 ,
2068 1435 2152 1487 plu-

442 1548 540 1586 rima
569 1547 670 1587 adeo
699 1546 760 1586 bis
788 1545 892 1592 dici,
928 1558 1031 1597 quac
1058 1545 1313 1587 concedenda
1341 1557 1429 1587 esse
1467 1546 1648 1599 scriptori
1679 1553 1759 1585 tam
1785 1546 1962 1585 studiose
1997 1557 2152 1586 senten-

444 1659 539 1697 tiam
576 1669 689 1697 suam
725 1656 1027 1696 demonstranti.
1083 1656 1216 1695 Nihilo
1243 1657 1371 1708 magis
1403 1670 1584 1708 premere
1623 1657 1731 1697 volui
1763 1670 1866 1707 quae
1902 1657 2000 1696 mihi
2040 1657 2153 1697 dubi-

444 1769 553 1808 tandi
587 1768 766 1808 rationes
794 1779 880 1806 esse
912 1764 1163 1813 viderentur,
1194 1767 1337 1807 lubens
1365 1778 1628 1808 concessurus
1656 1768 1692 1807 ci
1722 1768 1790 1820 qui
1824 1768 1962 1807 tollere
1992 1768 2153 1809 easdem

436 1879 623 1930 potuerit.

489 1989 520 2039 5
550 1989 637 2028 128.
693 1988 777 2026 Duo
804 1993 890 2027 sunt
912 2000 1007 2037 quae
1027 2013 1079 2020 -
1102 1988 1260 2038 saciant.
1316 1987 1411 2029 Mihi
1440 1997 1482 2030 et
1510 1989 1574 2030 hic
1602 1989 1795 2042 postulari
1821 1989 2067 2031 Indicativus
2098 1990 2150 2029 vi-

438 2098 582 2147 detur,
621 2105 662 2139 et
700 2097 841 2138 eodem
879 2098 998 2138 modo
1026 2098 1057 2152 5
1082 2094 1170 2138 1052
1201 2100 1276 2139 185
1306 2107 1346 2139 et
1381 2101 1483 2140 215:
1524 2103 1629 2141 sicut
1652 2101 1898 2141 indicativus
1932 2110 1994 2141 est
2034 2101 2065 2154 ᾖ
2090 2103 2151 2141 20.

432 2211 517 2250 init.

488 2323 519 2375 ᾖ
549 2323 636 2363 129.
696 2322 771 2362 Sed
798 2334 933 2374 mayno
961 2335 1105 2375 semper
1141 2325 1202 2365 usi
1237 2324 1379 2377 impetu
1413 2339 1524 2378 saepe
1560 2327 1795 2367 adversarios
1830 2327 1876 2366 de
1912 2331 2014 2365 statu
2050 2328 2151 2365 omm·

436 2434 645 2474 deiecimus.
702 2433 831 2487 Igitur
867 2447 1167 2487 nonnumquam
1202 2448 1282 2476 non
1319 2436 1490 2477 deiecit!
1547 2437 1633 2478 Non
1675 2445 1773 2490 puto
1811 2437 1886 2478 hoc
1927 2437 2153 2490 significare

439 2546 612 2586 voluisse
640 2544 895 2592 Ciceronem,
925 2553 966 2587 et
992 2546 1147 2587 deleam
1176 2558 1347 2600 semper,
1384 2548 1492 2599 quod
1526 2561 1576 2588 ne
1614 2561 1684 2601 per
1717 2562 1758 2588 se
1795 2549 1959 2600 quidem
2000 2550 2039 2588 in
2077 2549 2151 2590 hac

438 2659 636 2699 sententia
666 2658 875 2698 serendum
905 2667 979 2698 est.

490 2769 522 2821 ὃ
551 2770 639 2810 150.
698 2768 839 2816 Quibus
866 2768 1192 2819 (miserationibus)
1220 2782 1261 2810 eo
1288 2783 1369 2811 sum
1392 2783 1485 2812 usus
1504 2771 1699 2824 pluribus,
1728 2774 1846 2824 quod,
1876 2775 1990 2814 eliam
2013 2775 2048 2814 si
2070 2776 2155 2826 plu-

440 2894 498 2921 res
532 2880 769 2929 dicebamus,
804 2882 1084 2934 perorationem
1118 2882 1214 2923 mihi
1240 2888 1364 2924 lamen
1401 2896 1527 2925 omnes
1561 2884 1833 2938 relinquebant.
1890 2886 1941 2927 Et
1980 2886 2055 2928 hoc
2094 2888 2157 2927 vix

1891 3001 1914 3035 9
