2767 3789
1366 417 1421 456 54

510 584 623 613 sum.
662 571 703 608 in
742 565 1066 608 commendanda.
1086 566 1283 607 Codicum
1318 566 1492 606 lectione
1531 568 1610 606 isto
1638 567 1726 606 loco
1753 578 1844 609 eam
1880 571 2078 613 rationem
2106 570 2156 612 ab
2192 583 2240 613 eo

511 680 799 735 praetervideri
826 692 931 733 quae
969 692 1049 720 una
1079 691 1165 721 rem
1203 678 1413 728 conficiat,
1453 680 1652 741 aliamque
1690 679 1858 733 proferri
1895 693 2000 733 quae
2035 692 2108 726 aut
2142 697 2240 725 vana

510 795 586 838 sit,
626 801 698 833 aut
736 806 788 833 ne
827 792 999 844 intelligi
1027 792 1192 843 quidem
1219 793 1356 844 possit.
1414 793 1514 832 Nam
1552 792 1675 845 quid,
1705 804 1878 845 quaeso,
1916 799 1980 833 est
2005 794 2158 835 verbum
2183 809 2242 836 ro-

511 904 681 955 bustius,
708 904 807 957 quid
846 915 930 943 vere
964 902 1211 943 Romanum?
1267 902 1462 944 Novimus
1489 903 1630 944 durum
1654 902 1829 950 verbum,
1867 911 1910 945 et
1935 904 2076 945 duram
2100 917 2243 957 emnpo-

512 1016 686 1055 sitionem
720 1016 944 1057 verborum:
985 1017 1053 1054 sed
1082 1028 1135 1053 ne
1170 1015 1246 1053 hoc
1284 1016 1448 1067 quidem
1482 1017 1532 1054 ad
1570 1017 1792 1058 concidendi
1828 1016 1994 1059 verbum
2026 1017 2243 1060 defenden-

512 1127 609 1169 dum
640 1127 886 1180 pertinebat:
931 1129 1142 1179 multoque
1179 1128 1315 1168 minus
1351 1128 1458 1168 tueri
1486 1128 1561 1169 hoc
1601 1130 1799 1181 potuisset
1827 1128 2024 1178 Orellius,
2065 1108 2246 1170 conieci-e

513 1240 681 1279 verbum
718 1252 805 1278 esse
843 1240 978 1279 minus
1012 1239 1250 1279 Romanum.
1306 1239 1392 1292 Ego
1431 1242 1463 1280 si
1494 1241 1681 1280 Beierum
1720 1240 2017 1293 reprehendere
2053 1243 2244 1296 suscepis-

516 1364 620 1397 sem,
650 1364 777 1403 quum
806 1352 917 1391 illam
944 1351 1235 1391 correctionem
1263 1350 1508 1403 prodidisset
1540 1352 1591 1391 ad
1618 1350 1666 1392 11.
1696 1350 1807 1391 Offic.
1836 1351 1868 1404 S
1890 1353 1952 1399 5.,
1982 1354 2247 1396 ostendissem

515 1465 697 1503 conticere
723 1471 766 1503 et
795 1464 1038 1504 conticescere
1065 1472 1106 1504 et
1134 1429 1381 1504 emutescere
1408 1465 1522 1511 istis,
1561 1475 1662 1516 quos
1688 1463 1947 1505 indicavisset
1974 1465 2071 1505 loeis
2087 1497 2096 1514 ,
2137 1474 2246 1508 recte

513 1577 606 1627 poni
636 1577 678 1615 in
709 1575 854 1622 literis,
890 1584 932 1616 et
961 1573 1003 1616 in'
1042 1577 1125 1628 ipso
1169 1575 1289 1615 studio
1317 1576 1386 1615 illo
1404 1607 1412 1619 ,
1455 1589 1582 1627 quum
1610 1575 1712 1615 nihil
1741 1576 1851 1615 aliud
1885 1583 1992 1616 esset
2023 1577 2247 1628 significan-

511 1689 609 1728 dum
648 1688 725 1728 nisi
764 1689 1107 1740 opportunitatem
1144 1688 1340 1726 librorum
1377 1689 1496 1726 istius
1533 1689 1693 1738 generis
1729 1688 1980 1727 edendorum
2013 1699 2086 1728 aut
2127 1691 2249 1729 inter-

515 1808 700 1853 ruptam,
745 1806 816 1839 aut
856 1799 1054 1841 sublatam
1094 1800 1244 1845 fuisse,
1284 1797 1353 1838 sed
1384 1798 1424 1838 in
1453 1796 1673 1838 concidendi
1699 1796 1821 1839 verbo
1859 1799 2056 1841 contineri
2084 1813 2247 1853 gravem

515 1910 721 1960 querelam
751 1924 914 1950 eversae
945 1913 1001 1950 rei
1031 1912 1213 1960 publicae
1231 1942 1239 1953 ,
1278 1912 1318 1947 in
1348 1924 1425 1958 qua
1443 1941 1451 1952 ‚
1483 1923 1552 1959 pei·
1581 1910 1702 1945 unius
1730 1909 2008 1954 dominatum,
2052 1923 2161 1948 »non
2190 1924 2248 1950 es-

518 2030 607 2060 »set
640 2035 808 2073 usquam
837 2022 1003 2061 consilio
1034 2030 1105 2062 aut
1133 2021 1365 2061 auctoritati
1394 2020 1539 2059 loeus'’
1571 2019 1696 2066 (offic.
1725 2019 1772 2059 ΙΙ.
1812 2019 1843 2073 §
1868 2020 1929 2073 2).
1988 2021 2094 2068 Quid
2123 2022 2250 2075 igitur

518 2134 656 2172 Cicero
696 2133 877 2174 facturus
915 2134 1082 2182 suisset,
1126 2134 1184 2178 si,
1225 2142 1269 2173 ut
1299 2133 1472 2174 Orellius
1510 2133 1652 2186 fingit,
1690 2133 1877 2173 Beierum
1915 2133 2056 2173 audire
2099 2137 2248 2186 potuis-

517 2253 576 2285 set
594 2276 602 2289 ‚
633 2246 795 2285 nescio:
827 2245 896 2285 sed
926 2253 1034 2284 certe
1064 2246 1172 2285 aliud
1202 2253 1263 2285 est
1291 2251 1394 2286 artes
1422 2244 1648 2291 concidisse,
1688 2244 1798 2284 aliud
1827 2243 2068 2294 conticuisse,
2099 2246 2248 2298 potius-

515 2373 591 2410 que
635 2372 873 2410 persuasum
911 2358 1010 2397 mihi
1056 2367 1117 2397 est
1159 2360 1199 2396 in
1228 2358 1353 2397 Bruto
1382 2371 1541 2410 quoque
1571 2359 1602 2411 ᾗ
1626 2360 1698 2404 22,
1742 2358 1958 2410 legendum
1989 2371 2098 2404 esse,
2138 2372 2249 2411 quum

517 2472 597 2511 aelia
627 2469 894 2515 conciderunt,
925 2476 1002 2509 tum
1031 2471 1145 2509 eciam
1170 2493 1222 2499 —
1250 2469 1459 2520 eloquentia
1491 2470 1694 2516 obmutuit,
1725 2482 1795 2521 pro
1823 2470 2057 2515 ceciderwzt,
2088 2484 2167 2521 quo
2193 2472 2250 2511 in-

515 2584 708 2636 fringitur
738 2583 962 2622 sententiae
992 2582 1062 2622 vis.

571 2695 648 2735 Sed
679 2694 895 2746 aliquando
925 2707 1184 2747 properemus
1213 2694 1261 2733 ad
1292 2696 1449 2747 singula
1479 2695 1702 2745 quaedam,
1733 2702 1892 2734 servato
1921 2695 2086 2744 ordine,
2117 2696 2249 2748 explo-

520 2809 662 2853 randa;
695 2809 734 2847 in
764 2808 912 2859 quibus
942 2808 974 2847 si
1004 2807 1102 2859 quid
1133 2807 1338 2847 videbitur
1365 2807 1607 2848 mutandum
1637 2819 1747 2851 esse,
1784 2819 1864 2847 non
1894 2815 2029 2848 tamen
2058 2809 2253 2849 recusabo

519 2921 698 2960 virorum
729 2920 940 2959 doctorum
969 2920 1145 2968 iudicia,
1176 2921 1206 2960 si
1236 2921 1305 2972 qui
1335 2920 1417 2959 sint
1447 2920 1537 2971 qui,
1569 2927 1616 2959 ut
1644 2919 1818 2959 Orellius
1845 2920 2051 2972 loquitur,
2084 2921 2251 2973 »perbo-
