2767 3789
496 631 612 671 'eum
630 624 893 672 Graecorum
918 622 1064 672 studio
1093 622 1388 683 exemplorum
1403 656 1416 676 ,
1445 629 1469 668 e
1496 622 1656 683 quilius
1671 622 1915 675 boontem
1933 631 2133 685 -muim'e
2150 630 2230 682 aa.

513 744 847 797 mirabatur‚‘et
863 743 1084 789 Platonem
1104 765 1132 795 ‚—
1149 748 1193 788 et
1224 741 1582 795 Demosthenem,
1613 746 1770 791 horum
1785 733 2230 807 virtutes'numquam

509 863 692 909 Romam
727 861 1045 913 transtulisset,
1080 862 1163 907 nisi
1195 872 1389 921 semper,
1422 861 1555 914 utad
1587 863 1726 910 filium
1757 861 1939 917 scribit,
1971 865 2228 912 cumGrae-

508 985 573 1029 cis
603 983 758 1028 Latina
790 982 1111 1028 coniunxisset:
1146 941 1293 1040 itaq-'ue
1319 980 1373 1026 de
1404 982 1606 1053 omnibus
1630 981 2094 1042 voluminibus‚-quae
2133 997 2228 1042 per·

507 1101 646 1146 multa
676 1100 845 1154 edidit,
874 1099 1018 1145 valere
1054 1101 1254 1146 existimo
1293 1100 1335 1144 id
1350 1113 1367 1153 ,·
1405 1100 1519 1158 quod
1536 1136 1548 1154 ,
1588 1102 1642 1149 de
1678 1101 1842 1148 Officiis
1876 1099 2092 1177 scribens,
2127 1115 2227 1155 vere

507 1220 648 1278 magis
680 1232 811 1277 quam
844 1220 963 1264 inani
996 1219 1253 1278 gloriatione
1282 1218 1417 1273 dicit,
1447 1225 1637 1266 mostra
1670 1221 1845 1280 legens,
1883 1168 1938 1266 ἴε
1967 1220 2098 1266 rebus
2124 1197 2229 1280 ipsis

1410 1282 1428 1302 .

504 1343 653 1384 »utere
684 1342 761 1382 tuo
798 1337 989 1389 iudicio;
1028 1339 1267 1384 orationem
1308 1342 1454 1383 autem
1483 1339 1683 1385 Latinam
1711 1338 1903 1398 profecto
1934 1338 2127 1398 legendis
2146 1354 2227 1386 no-

507 1459 637 1503 »stris
671 1455 831 1503 efficies
854 1456 1090 1517 pleniorem
1108 1458 1135 1476 ”
1154 1457 1222 1517 ¹⁰).

564 1578 724 1633 Quaeri
772 1579 931 1636 poterit
970 1543 1152 1621 fortasse
1199 1582 1348 1620 utrum
1395 1583 1485 1622 tam
1530 1578 1708 1636 perfecti
1759 1577 1941 1636 exempli
1989 1579 2223 1623 auctoritas

505 1696 688 1742 aliorum
728 1697 901 1755 ingenia
936 1701 979 1741 et
1021 1695 1282 1741 industriam
1314 1696 1595 1750 excitaverit,
1644 1697 1718 1755 qui
1755 1695 1823 1742 vel
1861 1695 2008 1741 eadem
2055 1702 2222 1749 aetate,

502 1817 568 1860 vel
611 1821 758 1875 postea
795 1815 850 1860 ad
892 1816 1168 1860 scribendum
1212 1828 1258 1859 se
1296 1817 1597 1875 accingerent,
1646 1817 1690 1860 in
1733 1799 1868 1874 eaqffe
1913 1817 2220 1862 exercitatione

502 1934 620 1979 illam
667 1934 909 1980 Tullianam
958 1933 1202 1980 ubertatem
1243 1933 1450 1981 orationis
1491 1940 1534 1980 et
1573 1934 1801 1979 verborum
1843 1934 2129 1993 elegantiam,
2177 1941 2220 1979 et

502 2055 818 2099 sententiarum
851 2053 1064 2100 ambitum
1102 2059 1145 2100 et
1176 2068 1328 2101 sonum
1360 2053 1586 2100 studerent
1617 2054 1809 2108 imitari,
1859 2067 1913 2099 an
1942 2053 2072 2099 simul
2117 2067 2216 2099 cum

501 2175 596 2230 ipso
623 2174 784 2217 Romae
816 2174 990 2231 quidem
1029 2175 1243 2218 interierit
1279 2181 1420 2218 totum
1462 2174 1579 2217 istud
1611 2173 1874 2225 artificium,
1907 2174 2064 2230 quippe
2103 2173 2216 2230 quod

503 2293 633 2336 unius
680 2291 891 2349 singulari
935 2292 1109 2349 ingenio
1150 2298 1192 2336 et
1239 2291 1577 2350 prudentissimo
1625 2291 1801 2338 consilio
1842 2291 2083 2337 deberetur.
2156 2292 2216 2337 De

502 2410 650 2456 eadem
696 2415 836 2456 aetate
879 2410 1100 2471 aliquanto
1140 2410 1311 2457 facilius
1352 2404 1611 2471 responderi
1654 2417 1824 2470 posset,
1870 2413 1906 2455 si
1960 2411 2214 2455 haberemus

503 2543 612 2589 quae
638 2542 740 2574 cum
769 2516 992 2575 Ciceronis
1010 2532 1184 2591 scriptis
1206 2533 1514 2577 conferremus
1563 2533 1763 2584 Etenim,
1799 2546 2061 2590 quamquam
2087 2531 2218 2575 huius

500 2649 819 2695 existimatione
859 2649 1014 2695 Caesar
1057 2652 1250 2697 omnium
1290 2650 1379 2696 fere
1413 2656 1634 2698 oratorum
1664 2651 1814 2698 Latine
1848 2649 2103 2710 loquebatur
2134 2650 2213 2697 ele-

498 2769 753 2826 gantissime
780 2769 861 2828 ¹¹),
910 2775 1054 2816 tamen
1094 2772 1188 2816 eius
1224 2772 1533 2816 commentarii
1587 2777 1688 2816 sunt
1725 2772 1788 2817 illi
1828 2771 2003 2831 quidem
2044 2774 2213 2815 venusti

540 3039 586 3085 ¹⁰)
614 3045 707 3078 cffic.
736 3046 763 3077 1.
801 3037 820 3082 §
853 3045 885 3077 1.
917 3045 950 3077 2.
1225 3039 1271 3090 ¹¹)
1301 3047 1394 3079 Brut.
1431 3038 1450 3084 ὑ
1477 3046 1550 3080 252
