2767 3789
1302 848 1811 905 EPILOGUS.

745 1195 879 1242 Quum
908 1208 1038 1249 nuper
1065 1195 1180 1237 Gellii
1203 1195 1350 1237 Noctes
1375 1197 1529 1238 Atticas
1557 1186 1800 1251 rehgeoem,
1829 1198 1952 1239 incidi
1986 1199 2026 1238 in
2056 1197 2188 1238 nobile
2218 1197 2414 1251 fragmen-

688 1314 777 1347 tum
805 1307 846 1348 C.
872 1276 1037 1348 Graeehi
1055 1339 1064 1355 ,
1092 1320 1143 1347 ex
1171 1274 1352 1348 oratione
1382 1322 1460 1361 qua
1489 1309 1524 1349 is
1560 1309 1690 1362 legem
1728 1308 1915 1349 Aufeiam
1943 1309 2190 1349 dissuaserat
2217 1308 2295 1361 (XI.
2326 1308 2412 1360 10),

682 1419 799 1479 euius
827 1418 927 1459 haec
956 1420 1076 1460 verba
1116 1432 1181 1460 me
1211 1419 1496 1461 advertebant:
1515 1457 1518 1460 .
1536 1432 1663 1460 omnes
1688 1432 1780 1469 nos,
1818 1420 1882 1473 qui
1908 1419 2020 1460 verba
2047 1419 2234 1472 facimus,
2263 1418 2410 1471 aliquid

680 1530 870 1580 petimus;
900 1542 1020 1581 neque
1046 1530 1165 1570 ullius
1192 1531 1250 1569 rei
1279 1543 1393 1570 causa
1424 1530 1621 1583 quisquam
1653 1531 1704 1570 ad
1730 1543 1792 1570 vos
1817 1530 1969 1583 prodit,
1997 1530 2073 1569 nisi
2103 1535 2144 1569 ut
2170 1530 2317 1582 aliquid
2343 1542 2409 1570 au-

688 1641 802 1690 ferat.
860 1640 943 1693 qu
977 1642 1058 1694 ipse
1079 1640 1284 1693 '(reliqua‚
1322 1655 1425 1693 quae
1438 1613 1606 1694 'propria
1631 1648 1746 1681 erant
1774 1642 1863 1682 eius
1887 1653 2055 1685 causae,
2093 1640 2250 1693 omitto)
2274 1647 2359 1692 peto
2386 1654 2411 1681 α

683 1751 780 1789 vobis
809 1751 944 1790 bonam
980 1751 1293 1791 existimationem
1316 1757 1427 1803 atque
1454 1752 1644 1791 honorem.
1703 1752 1835 1804 Atque
1864 1752 1930 1791 illa
1974 1738 2210 1791 nobilissimi
2240 1752 2409 1791 oratoris

685 1862 877 1915 professio
906 1870 1065 1903 tantum
1095 1862 1208 1903 abest
1239 1872 1285 1903 ut
1313 1863 1470 1917 propria
1499 1864 1552 1903 sit
1580 1876 1745 1911 eorum,
1775 1863 1844 1915 qui
1871 1863 1921 1902 de
1945 1862 2066 1903 rebus
2091 1863 2259 1915 publicis
2288 1864 2408 1903 verba

687 1976 735 2015 ad
766 1977 958 2028 populum
997 1975 1170 2022 saciant,
1201 1984 1246 2014 ut
1284 1988 1372 2013 eam
1411 1976 1485 2014 sibi
1516 1988 1676 2027 quoque
1711 1975 1916 2014 vindicent
1950 1974 2019 2024 qui
2058 1975 2194 2024 procul
2230 1986 2250 2011 a
2289 1986 2407 2025 nego-

685 2087 752 2126 tiis
773 2078 825 2126 'ea
858 2088 897 2126 in
937 2087 1084 2139 vulgus
1112 2086 1260 2130 edant,
1297 2099 1399 2137 quae
1431 2087 1471 2125 in
1500 2099 1754 2138 quacumque
1793 2093 1879 2126 arte
1913 2092 1984 2126 aut
2013 2085 2220 2136 disciplina
2250 2086 2406 2137 excogi-

686 2198 872 2236 taverint.
930 2197 1050 2240 Nam,
1081 2204 1358 2248 praeterquam
1393 2198 1500 2248 quod
1535 2209 1741 2236 assensum
1772 2198 1931 2237 auferre
1965 2196 2154 2243 student,
2184 2202 2327 2246 petunt
2365 2195 2405 2234 in

683 2309 821 2360 primis
850 2308 996 2348 bonam
1025 2307 1368 2348 existimationem
1396 2316 1437 2347 et
1469 2309 1674 2348 honorem.
1731 2307 1870 2365 ltaque
1888 2339 1896 2351 ,
1934 2307 1977 2347 si·
1999 2307 2202 2358 complura
2231 2307 2270 2345 in
2300 2306 2405 2345 Cice-

681 2420 790 2459 ronis
817 2419 984 2460 Oratore
1012 2432 1219 2472 perperam
1249 2419 1357 2459 edita
1387 2426 1427 2458 et
1456 2420 1599 2472 scripta
1630 2419 1877 2459 circumferri
1914 2420 2076 2463 notavi,
2106 2425 2146 2457 et
2175 2430 2254 2469 quo
2284 2419 2403 2457 modo

679 2531 914 2584 corrigenda
949 2539 1083 2571 essent
1121 2532 1321 2583 disputavi
1341 2558 1354 2575 s
1386 2531 1462 2569 nisi
1497 2530 1546 2570 de
1582 2532 1751 2584 singulis
1783 2531 1881 2570 mihi
1911 2532 2179 2573 assentiatur,
2219 2530 2320 2569 hanc
2348 2538 2401 2568 ta-

680 2656 772 2683 men
808 2651 901 2696 peto
929 2643 1297 2688 existimationem,
1326 2655 1524 2695 nusquam
1554 2656 1618 2683 me
1660 2651 1811 2683 temere
1843 2642 2075 2688 dubitasse,
2105 2653 2288 2694 quaeque
2320 2643 2402 2694 ipse

678 2755 1000 2796 commendarem
1036 2769 1115 2796 non
1154 2755 1369 2797 abhorrere
1402 2757 1463 2796 vel
1496 2770 1517 2796 a
1557 2756 1728 2796 Tulliani
1759 2755 1952 2795 sermonis
1985 2754 2304 2799 consuetudine,
2341 2755 2403 2793 vel

679 2868 728 2907 ab
755 2868 880 2920 ipsius
909 2869 1059 2921 ingenii
1087 2875 1129 2908 et
1155 2867 1346 2921 loquendi
1380 2868 1592 2922 elegantia.
1651 2868 1808 2909 Addere
1847 2875 2052 2921 poteram,
2080 2879 2160 2920 quo
2188 2866 2400 2906 dubitandi
