2767 3789
1208 419 1289 478 ¹33

413 573 634 631 disputavit
662 572 833 614 Orellius
859 572 901 612 in
933 570 1184 612 Praefatione
1212 569 1524 629 adoratorem,
1554 547 1719 611 &1850
1746 568 1904 622 scripta.
1959 567 2049 624 Ipse
2077 572 2133 611 ni·

412 686 470 727 hil
512 656 636 726 babui
679 684 787 737 quod
827 690 986 737 praeter
1021 682 1128 743 illas-
1145 681 1278 733 copias
1314 681 1577 721 consulerem.
1631 681 1772 733 ltaque
1795 694 1846 720 ex
1887 682 1956 722 illo
1983 694 2131 736 genere

410 810 535 849 quum
564 794 664 836 nihil
691 793 810 854 novi,
847 792 957 846 quod
990 791 1261 845 explorarem,
1303 790 1403 831 mihi
1432 789 1624 836 daretur,
1663 790 1787 830 malui
1824 793 2030 834 continere
2063 806 2128 834 me

409 910 513 948 intra
541 907 703 959 illorum
726 902 1089 945 considerationem
1112 909 1154 943 et
1181 901 1577 956 interpretationem,
1606 913 1709 953 quae
1735 913 1756 940 a
1785 902 2010 944 novissimis
2038 904 2128 945 Edi-

410 1019 563 1060 toribus
604 1015 770 1070 probata
812 1013 1031 1055 constabat.
1097 1013 1215 1070 Quod
1256 1014 1354 1054 dum
1399 1013 1590 1067 agebam,
1632 1013 1993 1054 innumerabilibus
2033 1016 2127 1055 locis

410 1112 642 1171 ostendebar
668 1127 732 1166 vel
768 1127 910 1166 vitiata
951 1132 1144 1178 perpetua
1183 1125 1355 1165 Tulliani
1388 1125 1582 1166 sermonis
1616 1123 1934 1170 consuetudine,
1973 1125 2035 1166 vel
2074 1126 2129 1165 in-

410 1243 533 1282 fracta
571 1238 931 1293 argumentationis
971 1237 1193 1286 necessaria
1231 1237 1344 1291 lege,
1383 1236 1437 1277 ita
1468 1243 1515 1277 ut
1542 1249 1703 1277 necesse
1736 1243 1843 1276 esset
1870 1237 1981 1276 aliud
2018 1248 2128 1290 repe-

406 1354 486 1394 rire
524 1364 604 1405 quo
641 1350 804 1402 utrique
841 1349 1145 1396 consuleretur,
1188 1350 1354 1390 minime
1391 1356 1527 1389 tamen
1562 1349 1744 1402 neglecta
1785 1349 1968 1400 quamvis
1995 1349 2126 1390 fallaci

406 1462 597 1505 Codicum
639 1459 893 1502 auctoritate.
948 1458 1028 1500 Sed
1059 1462 1201 1513 parum
1235 1459 1367 1500 abfuit
1394 1465 1441 1499 ut
1478 1458 1691 1498 eonsilium
1723 1458 1958 1506 abiicerem,
1997 1474 2123 1529 quum

404 1574 623 1615 inciderem
646 1573 688 1612 in
710 1571 814 1610 hanc
834 1570 972 1610 Orellii
993 1570 1311 1611 admonitionem
1339 1570 1391 1611 ad
1413 1569 1521 1610 Orat.
1549 1569 1582 1623 S
1596 1570 1695 1610 148:
1724 1569 1879 1611 »Beier-i
1894 1572 2121 1613 coniectura

405 1698 482 1725 »ex
510 1684 652 1724 eodem
680 1695 842 1736 prorsus
869 1689 932 1723 est
959 1694 1132 1735 genere,
1162 1682 1301 1733 quales
1322 1682 1636 1723 innumerabiles
1662 1669 1860 1722 babemus
1882 1681 2124 1724 Batavorum

404 1796 527 1836 »inde
565 1796 648 1836 fere
686 1808 707 1834 a
749 1793 831 1834 Nic.
861 1793 1049 1839 Heinsio,
1091 1793 1240 1845 quibus
1273 1792 1374 1833 nihil
1411 1792 1522 1833 aliud
1551 1793 1634 1833 sere
1672 1794 1815 1846 opponi
1844 1802 2001 1846 potest,
2045 1757 2121 1835 nisi

403 1907 595 1948 »Codices
623 1918 762 1948 omnes
789 1911 907 1946 notos
934 1904 983 1945 iis
1012 1903 1237 1955 adversari,
1274 1904 1378 1958 ipsas
1411 1910 1547 1944 autem
1585 1904 1838 1946 coniecturas
1879 1906 2116 1958 neutiquam

401 2029 517 2057 »esse
545 2018 811 2060 necessarias,
841 2028 967 2066 quum
994 2016 1168 2067 perbona
1206 2017 1258 2056 sit
1291 2016 1483 2056 Codicum
1511 2016 1654 2059 lecti0;
1693 2022 1873 2055 ceterum
1911 2016 1998 2056 fieri
2032 2024 2117 2068 pot-

399 2127 559 2174 »uisse,
603 2134 675 2173 ut,
719 2127 751 2167 si
793 2125 961 2179 scriptor
988 2132 1081 2168 ante
1122 2125 1279 2168 editum
1305 2126 1455 2167 librum
1492 2139 1586 2166 cum
1621 2127 1917 2167 coniectoribus
1947 2127 2117 2168 collocu-

399 2246 495 2277 »ωε
533 2245 659 2283 esset,
701 2238 784 2289 ipse
822 2250 983 2289 quoque
1020 2238 1062 2277 in
1089 2250 1230 2277 eorum
1267 2239 1508 2278 sententiam
1543 2239 1813 2279 concessisset.
1871 2238 1941 2279 Hic
1980 2246 2112 2280 tamen

398 2368 413 2384 »
427 2349 612 2389 consulto
652 2348 860 2389 robustius
897 2361 941 2388 ac
978 2361 1072 2389 vere
1107 2348 1333 2389 Romanum
1374 2348 1542 2389 verbum
1574 2349 1724 2402 delegit
1758 2349 1949 2389 Tullius.'’
2007 2349 2112 2389 Libi-

396 2461 533 2501 dinem
561 2460 812 2500 coniectandi
852 2461 1011 2501 inanem
1040 2461 1096 2501 ita
1124 2461 1166 2500 in
1208 2460 1453 2500 nostratibus
1480 2467 1595 2500 notat
1632 2460 1825 2505 Orellius‚
1869 2468 1914 2500 ut
1952 2469 2112 2502 exteros

397 2584 535 2612 omnes
575 2572 650 2611 ista
688 2571 997 2624 reprehensione
1034 2572 1210 2613 eximere
1247 2571 1456 2618 videatur,
1496 2584 1597 2624 quos
1624 2573 1791 2613 sortasse
1818 2581 2011 2625 perpetuo
2046 2573 2112 2613 ad-

395 2684 567 2725 mirabili
595 2682 768 2736 quadam
790 2684 984 2735 εὐστοχίᾳ
1012 2697 1106 2725 usos
1133 2696 1219 2725 esse
1247 2683 1515 2724 existimabat.
1571 2683 1785 2735 Aliquanto
1812 2686 1981 2736 aequius
2009 2686 2112 2726 iudi-

394 2797 502 2838 cium
529 2803 853 2849 exspectaveram
880 2797 1094 2850 minusque
1121 2796 1375 2838 fastidiosum
1409 2795 1459 2836 ab
1497 2807 1544 2836 eo
1572 2796 1679 2841 viro,
1718 2798 1834 2837 cuius
1871 2797 2140 2853 probitatem)

393 2915 435 2949 et
471 2907 766 2949 humanitatem
800 2907 885 2960 ipse
927 2915 1117 2962 expertus
1159 2911 1453 2963 cognoveram.'
1489 2907 1567 2948 Sed
1603 2908 1738 2947 mirari
1778 2911 1876 2949 satis
1909 2923 1988 2951 non
2025 2924 2111 2963 pos-

1843 3023 1865 3056 5
