2767 3789
1295 424 1354 468 28

461 583 757 637 sperofatque
795 575 991 628 confido,
1038 578 1132 636 qui>
1157 577 1220 622 ita
1262 576 1521 623 condemnet
1557 577 1690 622 istum
1730 576 2017 632 subornatum
2054 583 2192 623 orato-
2265 609 2268 612 -

465 710 560 743 rem
578 728 594 748 ‚
636 701 685 741 ut
704 729 714 747 .
753 695 872 756 quod
894 702 1047 743 ,tamen
1087 696 1206 743 Sulla
1238 698 1283 743 in
1314 696 1428 743 malo
1458 701 1584 756 poeta
1610 694 1763 742 fecisse
1793 702 2000 742 narratur
2024 700 2026 702 ’
2047 697 2193 757 (Areh.

469 818 492 873 §
522 814 624 875 25),
657 828 722 860 ne
740 829 791 861 ea
822 815 998 874 quidem
1030 804 1302 868 conditione,
1333 830 1387 863 ne
1419 816 1525 875 quid
1551 821 1699 875 postea
1730 815 1920 868 scribat,
1952 789 2196 874 praemium

465 936 506 980 ei
533 934 816 981 tribuendum
847 941 1033 979 censeat.
1098 935 1241 993 Igitur
1266 935 1538 981 commodius
1563 935 1789 981 mihi-erat
1813 947 2064 995 expromere
2090 947 2194 979 non-

467 1053 585 1099 nulla
615 1019 729 1113 quae
761 1054 806 1098 in
852 1053 1073 1099 Ciceronis
1097 1053 1280 1100 aureolo
1312 1054 1486 1107 libello,
1531 1055 1616 1117 qui
1640 1053 1796 1100 Orator
1827 1053 1881 1099 ad
1924 1054 1978 1098 M.
2012 1054 2194 1101 Brutum

469 1172 747 1225 inscribitur,
775 1171 1160 1217 animadvertenda
1194 1180 1237 1218 et
1268 1174 1525 1231 corrigenda
1559 1174 1824 1233 viderentur.
1890 1172 2076 1219 Secutus
2097 1186 2194 1218 sum

465 1296 611 1339 autem
651 1290 885 1335 editionem
928 1288 1189 1334 Orellianam
1236 1289 1448 1343 alteram,
1495 1305 1608 1350 quae
1641 1290 1798 1354 Orellii.
1822 1296 1866 1335 et
1906 1289 2068 1336 Baiteri
2102 1291 2195 1336 ‹liti-

468 1410 639 1467 gentiae
685 1408 897 1458 debetur,
944 1421 1028 1452 non
1074 1407 1332 1466 posthabitis
1364 1409 1540 1467 quidem
1574 1409 1749 1454 omnino
1782 1421 1893 1466 quae
1934 1400 2011 1452 aut
2041 1407 2194 1458 modo,

466 1534 542 1572 aut
586 1526 753 1572 dudum
797 1531 898 1570 ante
938 1526 991 1570 ab
1033 1526 1131 1572 aliis
1162 1528 1407 1586 excogitata
1438 1533 1610 1580 essent,
1654 1526 1728 1573 sed
1768 1533 1915 1573 tamen
1958 1527 2093 1572 vitata
2124 1526 2195 1572 illa

468 1647 596 1692 turha
627 1653 670 1692 et
689 1645 943 1691 -colluvione
975 1647 1347 1705 ineptissimarum
1378 1647 1614 1693 lectionum
1642 1653 1752 1705 quae
1779 1660 1804 1691 e
1832 1616 2061 1690 [lodicibus
2085 1646 2196 1690 exci-

470 1771 632 1810 tantur.
699 1766 931 1824 Propterea
964 1779 1123 1825 paucos
1155 1772 1328 1811 tantum
1369 1766 1484 1812 loeos
1524 1768 1739 1825 attingere
1777 1765 1920 1811 visum
1959 1770 2052 1811 est:
2095 1777 2196 1810 nam

470 1887 506 1930 si
541 1887 757 1942 integram
797 1884 1029 1931 editionem
1069 1886 1353 1945 suscepissem
1387 1886 1656 1938 curandam,
1702 1884 1896 1931 videbam
1936 1884 2025 1928 fore
2068 1890 2117 1927 ut
2155 1885 2198 1927 in

473 2005 657 2063 singulis
699 2004 788 2049 sere
829 2005 1026 2073 Versibus
1069 2005 1178 2050 mihi
1219 2006 1484 2052 haerendum
1518 2013 1654 2059 esset,
1700 2011 1743 2050 et
1776 2005 1828 2050 de
1860 2004 2011 2049 ordine
2052 2004 2198 2049 verbo·

473 2139 571 2168 rum
606 2125 787 2182 aliisque
820 2127 1003 2169 minutis
1036 2126 1164 2170 rebus
1197 2125 1523 2171 decertandum.
1589 2126 1738 2170 Hunc.
1760 2124 2081 2170 commentandi
2112 2136 2199 2168 mo-

473 2244 574 2288 dum
611 2257 736 2301 spero
768 2245 829 2287 ita
864 2257 932 2287 me
962 2244 1058 2288 aliis
1091 2245 1372 2303 probaturum
1393 2278 1404 2295 ,
1438 2251 1486 2289 ut
1515 2245 1736 2303 aliquanto
1769 2243 1864 2303 plus
1896 2243 2037 2288 laudis
2068 2256 2120 2287 ex
2151 2256 2199 2286 eo

946 2322 967 2343 ο

471 2363 583 2421 quod
633 2362 954 2420 praestiterim,
1004 2377 1134 2421 quam
1185 2377 1235 2409 ex
1283 2377 1331 2407 eo
1364 2364 1477 2421 quod
1523 2365 1785 2423 neglexerim
1826 2363 2200 2422 reprehensionis,

469 2484 582 2546 apud
633 2482 923 2539 intelligentes
967 2484 1131 2530 iudices
1187 2484 1294 2529 mihi
1327 2486 1509 2530 oriatur.
